%YAML 1.1
%TAG !u! tag:unity3d.com,2011:
--- !u!1 &390155143692483945
GameObject:
  m_ObjectHideFlags: 0
  m_CorrespondingSourceObject: {fileID: 0}
  m_PrefabInstance: {fileID: 0}
  m_PrefabAsset: {fileID: 0}
  serializedVersion: 6
  m_Component:
  - component: {fileID: 8044147817620826728}
  - component: {fileID: 6006171281252770882}
  - component: {fileID: 3751142705740207657}
  - component: {fileID: 2273795466943617065}
  m_Layer: 0
  m_Name: Plane
  m_TagString: Untagged
  m_Icon: {fileID: 0}
  m_NavMeshLayer: 0
  m_StaticEditorFlags: 0
  m_IsActive: 1
--- !u!4 &8044147817620826728
Transform:
  m_ObjectHideFlags: 0
  m_CorrespondingSourceObject: {fileID: 0}
  m_PrefabInstance: {fileID: 0}
  m_PrefabAsset: {fileID: 0}
  m_GameObject: {fileID: 390155143692483945}
  serializedVersion: 2
  m_LocalRotation: {x: -0, y: -0, z: -0, w: 1}
  m_LocalPosition: {x: 0, y: 0, z: 0}
  m_LocalScale: {x: 9, y: 1, z: 9}
  m_ConstrainProportionsScale: 0
  m_Children: []
  m_Father: {fileID: 688046308043954802}
  m_LocalEulerAnglesHint: {x: 0, y: 0, z: 0}
--- !u!33 &6006171281252770882
MeshFilter:
  m_ObjectHideFlags: 0
  m_CorrespondingSourceObject: {fileID: 0}
  m_PrefabInstance: {fileID: 0}
  m_PrefabAsset: {fileID: 0}
  m_GameObject: {fileID: 390155143692483945}
  m_Mesh: {fileID: 10209, guid: 0000000000000000e000000000000000, type: 0}
--- !u!23 &3751142705740207657
MeshRenderer:
  m_ObjectHideFlags: 0
  m_CorrespondingSourceObject: {fileID: 0}
  m_PrefabInstance: {fileID: 0}
  m_PrefabAsset: {fileID: 0}
  m_GameObject: {fileID: 390155143692483945}
  m_Enabled: 1
  m_CastShadows: 1
  m_ReceiveShadows: 1
  m_DynamicOccludee: 1
  m_StaticShadowCaster: 0
  m_MotionVectors: 1
  m_LightProbeUsage: 1
  m_ReflectionProbeUsage: 1
  m_RayTracingMode: 2
  m_RayTraceProcedural: 0
  m_RenderingLayerMask: 1
  m_RendererPriority: 0
  m_Materials:
  - {fileID: 2100000, guid: 4fc513144b6f6584cb5b7654624a5ae7, type: 2}
  m_StaticBatchInfo:
    firstSubMesh: 0
    subMeshCount: 0
  m_StaticBatchRoot: {fileID: 0}
  m_ProbeAnchor: {fileID: 0}
  m_LightProbeVolumeOverride: {fileID: 0}
  m_ScaleInLightmap: 1
  m_ReceiveGI: 1
  m_PreserveUVs: 0
  m_IgnoreNormalsForChartDetection: 0
  m_ImportantGI: 0
  m_StitchLightmapSeams: 1
  m_SelectedEditorRenderState: 3
  m_MinimumChartSize: 4
  m_AutoUVMaxDistance: 0.5
  m_AutoUVMaxAngle: 89
  m_LightmapParameters: {fileID: 0}
  m_SortingLayerID: 0
  m_SortingLayer: 0
  m_SortingOrder: 0
  m_AdditionalVertexStreams: {fileID: 0}
--- !u!64 &2273795466943617065
MeshCollider:
  m_ObjectHideFlags: 0
  m_CorrespondingSourceObject: {fileID: 0}
  m_PrefabInstance: {fileID: 0}
  m_PrefabAsset: {fileID: 0}
  m_GameObject: {fileID: 390155143692483945}
  m_Material: {fileID: 0}
  m_IncludeLayers:
    serializedVersion: 2
    m_Bits: 0
  m_ExcludeLayers:
    serializedVersion: 2
    m_Bits: 0
  m_LayerOverridePriority: 0
  m_IsTrigger: 0
  m_ProvidesContacts: 0
  m_Enabled: 1
  serializedVersion: 5
  m_Convex: 0
  m_CookingOptions: 30
  m_Mesh: {fileID: 10209, guid: 0000000000000000e000000000000000, type: 0}
--- !u!1 &1397484876360211633
GameObject:
  m_ObjectHideFlags: 0
  m_CorrespondingSourceObject: {fileID: 0}
  m_PrefabInstance: {fileID: 0}
  m_PrefabAsset: {fileID: 0}
  serializedVersion: 6
  m_Component:
  - component: {fileID: 5883607868274512320}
  m_Layer: 0
  m_Name: SpawnPoints
  m_TagString: Untagged
  m_Icon: {fileID: 0}
  m_NavMeshLayer: 0
  m_StaticEditorFlags: 0
  m_IsActive: 1
--- !u!4 &5883607868274512320
Transform:
  m_ObjectHideFlags: 0
  m_CorrespondingSourceObject: {fileID: 0}
  m_PrefabInstance: {fileID: 0}
  m_PrefabAsset: {fileID: 0}
  m_GameObject: {fileID: 1397484876360211633}
  serializedVersion: 2
  m_LocalRotation: {x: 0, y: 0, z: 0, w: 1}
  m_LocalPosition: {x: 0, y: 0, z: 0}
  m_LocalScale: {x: 1, y: 1, z: 1}
  m_ConstrainProportionsScale: 0
  m_Children:
  - {fileID: 3430573971936339644}
  - {fileID: 7456821570742874785}
  - {fileID: 397366665065970935}
  - {fileID: 5967320422709222464}
  m_Father: {fileID: 4020718088624137338}
  m_LocalEulerAnglesHint: {x: 0, y: 0, z: 0}
--- !u!1 &1534774314320022691
GameObject:
  m_ObjectHideFlags: 0
  m_CorrespondingSourceObject: {fileID: 0}
  m_PrefabInstance: {fileID: 0}
  m_PrefabAsset: {fileID: 0}
  serializedVersion: 6
  m_Component:
  - component: {fileID: 3430573971936339644}
  - component: {fileID: 7376886658426070043}
  m_Layer: 0
  m_Name: SpawnPoint
  m_TagString: Untagged
  m_Icon: {fileID: 0}
  m_NavMeshLayer: 0
  m_StaticEditorFlags: 0
  m_IsActive: 1
--- !u!4 &3430573971936339644
Transform:
  m_ObjectHideFlags: 0
  m_CorrespondingSourceObject: {fileID: 0}
  m_PrefabInstance: {fileID: 0}
  m_PrefabAsset: {fileID: 0}
  m_GameObject: {fileID: 1534774314320022691}
  serializedVersion: 2
  m_LocalRotation: {x: 0, y: 0, z: 0, w: 1}
  m_LocalPosition: {x: -9.99, y: 0.5, z: 13.32}
  m_LocalScale: {x: 1, y: 1, z: 1}
  m_ConstrainProportionsScale: 0
  m_Children: []
  m_Father: {fileID: 5883607868274512320}
  m_LocalEulerAnglesHint: {x: 0, y: 0, z: 0}
--- !u!114 &7376886658426070043
MonoBehaviour:
  m_ObjectHideFlags: 0
  m_CorrespondingSourceObject: {fileID: 0}
  m_PrefabInstance: {fileID: 0}
  m_PrefabAsset: {fileID: 0}
  m_GameObject: {fileID: 1534774314320022691}
  m_Enabled: 1
  m_EditorHideFlags: 0
  m_Script: {fileID: 11500000, guid: 617aa06a788eda149bb14824b76d2e19, type: 3}
  m_Name: 
  m_EditorClassIdentifier: 
--- !u!1 &1970171500493140222
GameObject:
  m_ObjectHideFlags: 0
  m_CorrespondingSourceObject: {fileID: 0}
  m_PrefabInstance: {fileID: 0}
  m_PrefabAsset: {fileID: 0}
  serializedVersion: 6
  m_Component:
  - component: {fileID: 8697992754513621317}
  - component: {fileID: 2839367960662087695}
  - component: {fileID: 781100218619506692}
  - component: {fileID: 3783283854390208993}
  m_Layer: 0
  m_Name: Cube (6)
  m_TagString: Untagged
  m_Icon: {fileID: 0}
  m_NavMeshLayer: 0
  m_StaticEditorFlags: 0
  m_IsActive: 1
--- !u!4 &8697992754513621317
Transform:
  m_ObjectHideFlags: 0
  m_CorrespondingSourceObject: {fileID: 0}
  m_PrefabInstance: {fileID: 0}
  m_PrefabAsset: {fileID: 0}
  m_GameObject: {fileID: 1970171500493140222}
  serializedVersion: 2
  m_LocalRotation: {x: -0, y: -0, z: -0, w: 1}
  m_LocalPosition: {x: 23.8, y: -0.3, z: 12.4}
  m_LocalScale: {x: 3.81, y: 3, z: 4.42}
  m_ConstrainProportionsScale: 0
  m_Children: []
  m_Father: {fileID: 688046308043954802}
  m_LocalEulerAnglesHint: {x: 0, y: 0, z: 0}
--- !u!33 &2839367960662087695
MeshFilter:
  m_ObjectHideFlags: 0
  m_CorrespondingSourceObject: {fileID: 0}
  m_PrefabInstance: {fileID: 0}
  m_PrefabAsset: {fileID: 0}
  m_GameObject: {fileID: 1970171500493140222}
  m_Mesh: {fileID: 10202, guid: 0000000000000000e000000000000000, type: 0}
--- !u!23 &781100218619506692
MeshRenderer:
  m_ObjectHideFlags: 0
  m_CorrespondingSourceObject: {fileID: 0}
  m_PrefabInstance: {fileID: 0}
  m_PrefabAsset: {fileID: 0}
  m_GameObject: {fileID: 1970171500493140222}
  m_Enabled: 1
  m_CastShadows: 1
  m_ReceiveShadows: 1
  m_DynamicOccludee: 1
  m_StaticShadowCaster: 0
  m_MotionVectors: 1
  m_LightProbeUsage: 1
  m_ReflectionProbeUsage: 1
  m_RayTracingMode: 2
  m_RayTraceProcedural: 0
  m_RenderingLayerMask: 1
  m_RendererPriority: 0
  m_Materials:
  - {fileID: 2100000, guid: 4fc513144b6f6584cb5b7654624a5ae7, type: 2}
  m_StaticBatchInfo:
    firstSubMesh: 0
    subMeshCount: 0
  m_StaticBatchRoot: {fileID: 0}
  m_ProbeAnchor: {fileID: 0}
  m_LightProbeVolumeOverride: {fileID: 0}
  m_ScaleInLightmap: 1
  m_ReceiveGI: 1
  m_PreserveUVs: 0
  m_IgnoreNormalsForChartDetection: 0
  m_ImportantGI: 0
  m_StitchLightmapSeams: 1
  m_SelectedEditorRenderState: 3
  m_MinimumChartSize: 4
  m_AutoUVMaxDistance: 0.5
  m_AutoUVMaxAngle: 89
  m_LightmapParameters: {fileID: 0}
  m_SortingLayerID: 0
  m_SortingLayer: 0
  m_SortingOrder: 0
  m_AdditionalVertexStreams: {fileID: 0}
--- !u!65 &3783283854390208993
BoxCollider:
  m_ObjectHideFlags: 0
  m_CorrespondingSourceObject: {fileID: 0}
  m_PrefabInstance: {fileID: 0}
  m_PrefabAsset: {fileID: 0}
  m_GameObject: {fileID: 1970171500493140222}
  m_Material: {fileID: 0}
  m_IncludeLayers:
    serializedVersion: 2
    m_Bits: 0
  m_ExcludeLayers:
    serializedVersion: 2
    m_Bits: 0
  m_LayerOverridePriority: 0
  m_IsTrigger: 0
  m_ProvidesContacts: 0
  m_Enabled: 1
  serializedVersion: 3
  m_Size: {x: 1, y: 1, z: 1}
  m_Center: {x: 0, y: 0, z: 0}
--- !u!1 &2209965326549574025
GameObject:
  m_ObjectHideFlags: 0
  m_CorrespondingSourceObject: {fileID: 0}
  m_PrefabInstance: {fileID: 0}
  m_PrefabAsset: {fileID: 0}
  serializedVersion: 6
  m_Component:
  - component: {fileID: 5733517563178529116}
  - component: {fileID: 7397487421945181288}
  - component: {fileID: 2088239856955890439}
  - component: {fileID: 5805525436954359278}
  m_Layer: 0
  m_Name: Cube (2)
  m_TagString: Untagged
  m_Icon: {fileID: 0}
  m_NavMeshLayer: 0
  m_StaticEditorFlags: 0
  m_IsActive: 1
--- !u!4 &5733517563178529116
Transform:
  m_ObjectHideFlags: 0
  m_CorrespondingSourceObject: {fileID: 0}
  m_PrefabInstance: {fileID: 0}
  m_PrefabAsset: {fileID: 0}
  m_GameObject: {fileID: 2209965326549574025}
  serializedVersion: 2
  m_LocalRotation: {x: -0, y: -0, z: -0, w: 1}
  m_LocalPosition: {x: -1.6, y: -0.3, z: 19.9}
  m_LocalScale: {x: 3.81, y: 3, z: 4.42}
  m_ConstrainProportionsScale: 0
  m_Children: []
  m_Father: {fileID: 688046308043954802}
  m_LocalEulerAnglesHint: {x: 0, y: 0, z: 0}
--- !u!33 &7397487421945181288
MeshFilter:
  m_ObjectHideFlags: 0
  m_CorrespondingSourceObject: {fileID: 0}
  m_PrefabInstance: {fileID: 0}
  m_PrefabAsset: {fileID: 0}
  m_GameObject: {fileID: 2209965326549574025}
  m_Mesh: {fileID: 10202, guid: 0000000000000000e000000000000000, type: 0}
--- !u!23 &2088239856955890439
MeshRenderer:
  m_ObjectHideFlags: 0
  m_CorrespondingSourceObject: {fileID: 0}
  m_PrefabInstance: {fileID: 0}
  m_PrefabAsset: {fileID: 0}
  m_GameObject: {fileID: 2209965326549574025}
  m_Enabled: 1
  m_CastShadows: 1
  m_ReceiveShadows: 1
  m_DynamicOccludee: 1
  m_StaticShadowCaster: 0
  m_MotionVectors: 1
  m_LightProbeUsage: 1
  m_ReflectionProbeUsage: 1
  m_RayTracingMode: 2
  m_RayTraceProcedural: 0
  m_RenderingLayerMask: 1
  m_RendererPriority: 0
  m_Materials:
  - {fileID: 2100000, guid: 4fc513144b6f6584cb5b7654624a5ae7, type: 2}
  m_StaticBatchInfo:
    firstSubMesh: 0
    subMeshCount: 0
  m_StaticBatchRoot: {fileID: 0}
  m_ProbeAnchor: {fileID: 0}
  m_LightProbeVolumeOverride: {fileID: 0}
  m_ScaleInLightmap: 1
  m_ReceiveGI: 1
  m_PreserveUVs: 0
  m_IgnoreNormalsForChartDetection: 0
  m_ImportantGI: 0
  m_StitchLightmapSeams: 1
  m_SelectedEditorRenderState: 3
  m_MinimumChartSize: 4
  m_AutoUVMaxDistance: 0.5
  m_AutoUVMaxAngle: 89
  m_LightmapParameters: {fileID: 0}
  m_SortingLayerID: 0
  m_SortingLayer: 0
  m_SortingOrder: 0
  m_AdditionalVertexStreams: {fileID: 0}
--- !u!65 &5805525436954359278
BoxCollider:
  m_ObjectHideFlags: 0
  m_CorrespondingSourceObject: {fileID: 0}
  m_PrefabInstance: {fileID: 0}
  m_PrefabAsset: {fileID: 0}
  m_GameObject: {fileID: 2209965326549574025}
  m_Material: {fileID: 0}
  m_IncludeLayers:
    serializedVersion: 2
    m_Bits: 0
  m_ExcludeLayers:
    serializedVersion: 2
    m_Bits: 0
  m_LayerOverridePriority: 0
  m_IsTrigger: 0
  m_ProvidesContacts: 0
  m_Enabled: 1
  serializedVersion: 3
  m_Size: {x: 1, y: 1, z: 1}
  m_Center: {x: 0, y: 0, z: 0}
--- !u!1 &2664263238735441080
GameObject:
  m_ObjectHideFlags: 0
  m_CorrespondingSourceObject: {fileID: 0}
  m_PrefabInstance: {fileID: 0}
  m_PrefabAsset: {fileID: 0}
  serializedVersion: 6
  m_Component:
  - component: {fileID: 1938745397094407881}
  - component: {fileID: 4738179676508520739}
  - component: {fileID: 8138593451466118494}
  - component: {fileID: 8634725064378281586}
  m_Layer: 0
  m_Name: Cube (4)
  m_TagString: Untagged
  m_Icon: {fileID: 0}
  m_NavMeshLayer: 0
  m_StaticEditorFlags: 0
  m_IsActive: 1
--- !u!4 &1938745397094407881
Transform:
  m_ObjectHideFlags: 0
  m_CorrespondingSourceObject: {fileID: 0}
  m_PrefabInstance: {fileID: 0}
  m_PrefabAsset: {fileID: 0}
  m_GameObject: {fileID: 2664263238735441080}
  serializedVersion: 2
  m_LocalRotation: {x: -0, y: -0, z: -0, w: 1}
  m_LocalPosition: {x: 15.4, y: 1.4, z: 6}
  m_LocalScale: {x: 3.81, y: 3, z: 4.42}
  m_ConstrainProportionsScale: 0
  m_Children: []
  m_Father: {fileID: 688046308043954802}
  m_LocalEulerAnglesHint: {x: 0, y: 0, z: 0}
--- !u!33 &4738179676508520739
MeshFilter:
  m_ObjectHideFlags: 0
  m_CorrespondingSourceObject: {fileID: 0}
  m_PrefabInstance: {fileID: 0}
  m_PrefabAsset: {fileID: 0}
  m_GameObject: {fileID: 2664263238735441080}
  m_Mesh: {fileID: 10202, guid: 0000000000000000e000000000000000, type: 0}
--- !u!23 &8138593451466118494
MeshRenderer:
  m_ObjectHideFlags: 0
  m_CorrespondingSourceObject: {fileID: 0}
  m_PrefabInstance: {fileID: 0}
  m_PrefabAsset: {fileID: 0}
  m_GameObject: {fileID: 2664263238735441080}
  m_Enabled: 1
  m_CastShadows: 1
  m_ReceiveShadows: 1
  m_DynamicOccludee: 1
  m_StaticShadowCaster: 0
  m_MotionVectors: 1
  m_LightProbeUsage: 1
  m_ReflectionProbeUsage: 1
  m_RayTracingMode: 2
  m_RayTraceProcedural: 0
  m_RenderingLayerMask: 1
  m_RendererPriority: 0
  m_Materials:
  - {fileID: 2100000, guid: 4fc513144b6f6584cb5b7654624a5ae7, type: 2}
  m_StaticBatchInfo:
    firstSubMesh: 0
    subMeshCount: 0
  m_StaticBatchRoot: {fileID: 0}
  m_ProbeAnchor: {fileID: 0}
  m_LightProbeVolumeOverride: {fileID: 0}
  m_ScaleInLightmap: 1
  m_ReceiveGI: 1
  m_PreserveUVs: 0
  m_IgnoreNormalsForChartDetection: 0
  m_ImportantGI: 0
  m_StitchLightmapSeams: 1
  m_SelectedEditorRenderState: 3
  m_MinimumChartSize: 4
  m_AutoUVMaxDistance: 0.5
  m_AutoUVMaxAngle: 89
  m_LightmapParameters: {fileID: 0}
  m_SortingLayerID: 0
  m_SortingLayer: 0
  m_SortingOrder: 0
  m_AdditionalVertexStreams: {fileID: 0}
--- !u!65 &8634725064378281586
BoxCollider:
  m_ObjectHideFlags: 0
  m_CorrespondingSourceObject: {fileID: 0}
  m_PrefabInstance: {fileID: 0}
  m_PrefabAsset: {fileID: 0}
  m_GameObject: {fileID: 2664263238735441080}
  m_Material: {fileID: 0}
  m_IncludeLayers:
    serializedVersion: 2
    m_Bits: 0
  m_ExcludeLayers:
    serializedVersion: 2
    m_Bits: 0
  m_LayerOverridePriority: 0
  m_IsTrigger: 0
  m_ProvidesContacts: 0
  m_Enabled: 1
  serializedVersion: 3
  m_Size: {x: 1, y: 1, z: 1}
  m_Center: {x: 0, y: 0, z: 0}
--- !u!1 &3523640453319610876
GameObject:
  m_ObjectHideFlags: 0
  m_CorrespondingSourceObject: {fileID: 0}
  m_PrefabInstance: {fileID: 0}
  m_PrefabAsset: {fileID: 0}
  serializedVersion: 6
  m_Component:
  - component: {fileID: 4020718088624137338}
  m_Layer: 0
  m_Name: Simple Location
  m_TagString: Untagged
  m_Icon: {fileID: 0}
  m_NavMeshLayer: 0
  m_StaticEditorFlags: 0
  m_IsActive: 1
--- !u!4 &4020718088624137338
Transform:
  m_ObjectHideFlags: 0
  m_CorrespondingSourceObject: {fileID: 0}
  m_PrefabInstance: {fileID: 0}
  m_PrefabAsset: {fileID: 0}
  m_GameObject: {fileID: 3523640453319610876}
  serializedVersion: 2
  m_LocalRotation: {x: 0, y: 0, z: 0, w: 1}
  m_LocalPosition: {x: 0, y: 0, z: 0}
  m_LocalScale: {x: 1, y: 1, z: 1}
  m_ConstrainProportionsScale: 0
  m_Children:
  - {fileID: 3341764216468722525}
  - {fileID: 5883607868274512320}
  - {fileID: 214065009936508834}
  - {fileID: 688046308043954802}
  m_Father: {fileID: 0}
  m_LocalEulerAnglesHint: {x: 0, y: 0, z: 0}
--- !u!1 &3552742777040557026
GameObject:
  m_ObjectHideFlags: 0
  m_CorrespondingSourceObject: {fileID: 0}
  m_PrefabInstance: {fileID: 0}
  m_PrefabAsset: {fileID: 0}
  serializedVersion: 6
  m_Component:
  - component: {fileID: 688046308043954802}
  - component: {fileID: 6745775975064196139}
  m_Layer: 0
  m_Name: NavMeshSurfaces
  m_TagString: Untagged
  m_Icon: {fileID: 0}
  m_NavMeshLayer: 0
  m_StaticEditorFlags: 0
  m_IsActive: 1
--- !u!4 &688046308043954802
Transform:
  m_ObjectHideFlags: 0
  m_CorrespondingSourceObject: {fileID: 0}
  m_PrefabInstance: {fileID: 0}
  m_PrefabAsset: {fileID: 0}
  m_GameObject: {fileID: 3552742777040557026}
  serializedVersion: 2
  m_LocalRotation: {x: 0, y: 0, z: 0, w: 1}
  m_LocalPosition: {x: 0, y: 0, z: 0}
  m_LocalScale: {x: 1, y: 1, z: 1}
  m_ConstrainProportionsScale: 0
  m_Children:
  - {fileID: 8044147817620826728}
  - {fileID: 2570847004094414838}
  - {fileID: 7620819073973854515}
  - {fileID: 5733517563178529116}
  - {fileID: 768757765909081699}
  - {fileID: 1938745397094407881}
  - {fileID: 2785743464054822450}
  - {fileID: 8697992754513621317}
  - {fileID: 423056858945156995}
  m_Father: {fileID: 4020718088624137338}
  m_LocalEulerAnglesHint: {x: 0, y: 0, z: 0}
--- !u!114 &6745775975064196139
MonoBehaviour:
  m_ObjectHideFlags: 0
  m_CorrespondingSourceObject: {fileID: 0}
  m_PrefabInstance: {fileID: 0}
  m_PrefabAsset: {fileID: 0}
  m_GameObject: {fileID: 3552742777040557026}
  m_Enabled: 1
  m_EditorHideFlags: 0
  m_Script: {fileID: 11500000, guid: 7a5ac11cc976e418e8d13136b07e1f52, type: 3}
  m_Name: 
  m_EditorClassIdentifier: 
  m_AgentTypeID: 0
  m_CollectObjects: 2
  m_Size: {x: 10, y: 10, z: 10}
  m_Center: {x: 0, y: 2, z: 0}
  m_LayerMask:
    serializedVersion: 2
    m_Bits: 4294967295
  m_UseGeometry: 0
  m_DefaultArea: 0
  m_GenerateLinks: 0
  m_IgnoreNavMeshAgent: 1
  m_IgnoreNavMeshObstacle: 1
  m_OverrideTileSize: 0
  m_TileSize: 256
  m_OverrideVoxelSize: 0
  m_VoxelSize: 0.16666667
  m_MinRegionArea: 2
  m_NavMeshData: {fileID: 23800000, guid: 13e79951707d04e4793dd6310ede7729, type: 2}
  m_BuildHeightMesh: 0
--- !u!1 &3728051234907813614
GameObject:
  m_ObjectHideFlags: 0
  m_CorrespondingSourceObject: {fileID: 0}
  m_PrefabInstance: {fileID: 0}
  m_PrefabAsset: {fileID: 0}
  serializedVersion: 6
  m_Component:
  - component: {fileID: 7620819073973854515}
  - component: {fileID: 9171576992319729710}
  - component: {fileID: 889336209012229137}
  - component: {fileID: 4067653375938293649}
  m_Layer: 0
  m_Name: Cube (1)
  m_TagString: Untagged
  m_Icon: {fileID: 0}
  m_NavMeshLayer: 0
  m_StaticEditorFlags: 0
  m_IsActive: 1
--- !u!4 &7620819073973854515
Transform:
  m_ObjectHideFlags: 0
  m_CorrespondingSourceObject: {fileID: 0}
  m_PrefabInstance: {fileID: 0}
  m_PrefabAsset: {fileID: 0}
  m_GameObject: {fileID: 3728051234907813614}
  serializedVersion: 2
  m_LocalRotation: {x: -0, y: -0, z: -0, w: 1}
  m_LocalPosition: {x: 14.4, y: -0.3, z: 17.2}
  m_LocalScale: {x: 3.81, y: 3, z: 4.42}
  m_ConstrainProportionsScale: 0
  m_Children: []
  m_Father: {fileID: 688046308043954802}
  m_LocalEulerAnglesHint: {x: 0, y: 0, z: 0}
--- !u!33 &9171576992319729710
MeshFilter:
  m_ObjectHideFlags: 0
  m_CorrespondingSourceObject: {fileID: 0}
  m_PrefabInstance: {fileID: 0}
  m_PrefabAsset: {fileID: 0}
  m_GameObject: {fileID: 3728051234907813614}
  m_Mesh: {fileID: 10202, guid: 0000000000000000e000000000000000, type: 0}
--- !u!23 &889336209012229137
MeshRenderer:
  m_ObjectHideFlags: 0
  m_CorrespondingSourceObject: {fileID: 0}
  m_PrefabInstance: {fileID: 0}
  m_PrefabAsset: {fileID: 0}
  m_GameObject: {fileID: 3728051234907813614}
  m_Enabled: 1
  m_CastShadows: 1
  m_ReceiveShadows: 1
  m_DynamicOccludee: 1
  m_StaticShadowCaster: 0
  m_MotionVectors: 1
  m_LightProbeUsage: 1
  m_ReflectionProbeUsage: 1
  m_RayTracingMode: 2
  m_RayTraceProcedural: 0
  m_RenderingLayerMask: 1
  m_RendererPriority: 0
  m_Materials:
  - {fileID: 2100000, guid: 4fc513144b6f6584cb5b7654624a5ae7, type: 2}
  m_StaticBatchInfo:
    firstSubMesh: 0
    subMeshCount: 0
  m_StaticBatchRoot: {fileID: 0}
  m_ProbeAnchor: {fileID: 0}
  m_LightProbeVolumeOverride: {fileID: 0}
  m_ScaleInLightmap: 1
  m_ReceiveGI: 1
  m_PreserveUVs: 0
  m_IgnoreNormalsForChartDetection: 0
  m_ImportantGI: 0
  m_StitchLightmapSeams: 1
  m_SelectedEditorRenderState: 3
  m_MinimumChartSize: 4
  m_AutoUVMaxDistance: 0.5
  m_AutoUVMaxAngle: 89
  m_LightmapParameters: {fileID: 0}
  m_SortingLayerID: 0
  m_SortingLayer: 0
  m_SortingOrder: 0
  m_AdditionalVertexStreams: {fileID: 0}
--- !u!65 &4067653375938293649
BoxCollider:
  m_ObjectHideFlags: 0
  m_CorrespondingSourceObject: {fileID: 0}
  m_PrefabInstance: {fileID: 0}
  m_PrefabAsset: {fileID: 0}
  m_GameObject: {fileID: 3728051234907813614}
  m_Material: {fileID: 0}
  m_IncludeLayers:
    serializedVersion: 2
    m_Bits: 0
  m_ExcludeLayers:
    serializedVersion: 2
    m_Bits: 0
  m_LayerOverridePriority: 0
  m_IsTrigger: 0
  m_ProvidesContacts: 0
  m_Enabled: 1
  serializedVersion: 3
  m_Size: {x: 1, y: 1, z: 1}
  m_Center: {x: 0, y: 0, z: 0}
--- !u!1 &4806704583692318288
GameObject:
  m_ObjectHideFlags: 0
  m_CorrespondingSourceObject: {fileID: 0}
  m_PrefabInstance: {fileID: 0}
  m_PrefabAsset: {fileID: 0}
  serializedVersion: 6
  m_Component:
  - component: {fileID: 397366665065970935}
  - component: {fileID: 7168704252853458881}
  m_Layer: 0
  m_Name: SpawnPoint
  m_TagString: Untagged
  m_Icon: {fileID: 0}
  m_NavMeshLayer: 0
  m_StaticEditorFlags: 0
  m_IsActive: 1
--- !u!4 &397366665065970935
Transform:
  m_ObjectHideFlags: 0
  m_CorrespondingSourceObject: {fileID: 0}
  m_PrefabInstance: {fileID: 0}
  m_PrefabAsset: {fileID: 0}
  m_GameObject: {fileID: 4806704583692318288}
  serializedVersion: 2
  m_LocalRotation: {x: 0, y: 0, z: 0, w: 1}
  m_LocalPosition: {x: 17.71, y: 0.5, z: 11.35}
  m_LocalScale: {x: 1, y: 1, z: 1}
  m_ConstrainProportionsScale: 0
  m_Children: []
  m_Father: {fileID: 5883607868274512320}
  m_LocalEulerAnglesHint: {x: 0, y: 0, z: 0}
--- !u!114 &7168704252853458881
MonoBehaviour:
  m_ObjectHideFlags: 0
  m_CorrespondingSourceObject: {fileID: 0}
  m_PrefabInstance: {fileID: 0}
  m_PrefabAsset: {fileID: 0}
  m_GameObject: {fileID: 4806704583692318288}
  m_Enabled: 1
  m_EditorHideFlags: 0
  m_Script: {fileID: 11500000, guid: 617aa06a788eda149bb14824b76d2e19, type: 3}
  m_Name: 
  m_EditorClassIdentifier: 
--- !u!1 &4879582409693659579
GameObject:
  m_ObjectHideFlags: 0
  m_CorrespondingSourceObject: {fileID: 0}
  m_PrefabInstance: {fileID: 0}
  m_PrefabAsset: {fileID: 0}
  serializedVersion: 6
  m_Component:
  - component: {fileID: 423056858945156995}
  - component: {fileID: 4102568664439818761}
  - component: {fileID: 3766852191549648632}
  - component: {fileID: 908033502727302640}
  m_Layer: 0
  m_Name: Cube (7)
  m_TagString: Untagged
  m_Icon: {fileID: 0}
  m_NavMeshLayer: 0
  m_StaticEditorFlags: 0
  m_IsActive: 1
--- !u!4 &423056858945156995
Transform:
  m_ObjectHideFlags: 0
  m_CorrespondingSourceObject: {fileID: 0}
  m_PrefabInstance: {fileID: 0}
  m_PrefabAsset: {fileID: 0}
  m_GameObject: {fileID: 4879582409693659579}
  serializedVersion: 2
  m_LocalRotation: {x: -0, y: -0, z: -0, w: 1}
  m_LocalPosition: {x: 17.7, y: -0.3, z: 23.4}
  m_LocalScale: {x: 10, y: 3, z: 4.42}
  m_ConstrainProportionsScale: 0
  m_Children: []
  m_Father: {fileID: 688046308043954802}
  m_LocalEulerAnglesHint: {x: 0, y: 0, z: 0}
--- !u!33 &4102568664439818761
MeshFilter:
  m_ObjectHideFlags: 0
  m_CorrespondingSourceObject: {fileID: 0}
  m_PrefabInstance: {fileID: 0}
  m_PrefabAsset: {fileID: 0}
  m_GameObject: {fileID: 4879582409693659579}
  m_Mesh: {fileID: 10202, guid: 0000000000000000e000000000000000, type: 0}
--- !u!23 &3766852191549648632
MeshRenderer:
  m_ObjectHideFlags: 0
  m_CorrespondingSourceObject: {fileID: 0}
  m_PrefabInstance: {fileID: 0}
  m_PrefabAsset: {fileID: 0}
  m_GameObject: {fileID: 4879582409693659579}
  m_Enabled: 1
  m_CastShadows: 1
  m_ReceiveShadows: 1
  m_DynamicOccludee: 1
  m_StaticShadowCaster: 0
  m_MotionVectors: 1
  m_LightProbeUsage: 1
  m_ReflectionProbeUsage: 1
  m_RayTracingMode: 2
  m_RayTraceProcedural: 0
  m_RenderingLayerMask: 1
  m_RendererPriority: 0
  m_Materials:
  - {fileID: 2100000, guid: 4fc513144b6f6584cb5b7654624a5ae7, type: 2}
  m_StaticBatchInfo:
    firstSubMesh: 0
    subMeshCount: 0
  m_StaticBatchRoot: {fileID: 0}
  m_ProbeAnchor: {fileID: 0}
  m_LightProbeVolumeOverride: {fileID: 0}
  m_ScaleInLightmap: 1
  m_ReceiveGI: 1
  m_PreserveUVs: 0
  m_IgnoreNormalsForChartDetection: 0
  m_ImportantGI: 0
  m_StitchLightmapSeams: 1
  m_SelectedEditorRenderState: 3
  m_MinimumChartSize: 4
  m_AutoUVMaxDistance: 0.5
  m_AutoUVMaxAngle: 89
  m_LightmapParameters: {fileID: 0}
  m_SortingLayerID: 0
  m_SortingLayer: 0
  m_SortingOrder: 0
  m_AdditionalVertexStreams: {fileID: 0}
--- !u!65 &908033502727302640
BoxCollider:
  m_ObjectHideFlags: 0
  m_CorrespondingSourceObject: {fileID: 0}
  m_PrefabInstance: {fileID: 0}
  m_PrefabAsset: {fileID: 0}
  m_GameObject: {fileID: 4879582409693659579}
  m_Material: {fileID: 0}
  m_IncludeLayers:
    serializedVersion: 2
    m_Bits: 0
  m_ExcludeLayers:
    serializedVersion: 2
    m_Bits: 0
  m_LayerOverridePriority: 0
  m_IsTrigger: 0
  m_ProvidesContacts: 0
  m_Enabled: 1
  serializedVersion: 3
  m_Size: {x: 1, y: 1, z: 1}
  m_Center: {x: 0, y: 0, z: 0}
--- !u!1 &5504481737891373476
GameObject:
  m_ObjectHideFlags: 0
  m_CorrespondingSourceObject: {fileID: 0}
  m_PrefabInstance: {fileID: 0}
  m_PrefabAsset: {fileID: 0}
  serializedVersion: 6
  m_Component:
  - component: {fileID: 3341764216468722525}
  m_Layer: 0
  m_Name: PhysicsObjects
  m_TagString: Untagged
  m_Icon: {fileID: 0}
  m_NavMeshLayer: 0
  m_StaticEditorFlags: 0
  m_IsActive: 1
--- !u!4 &3341764216468722525
Transform:
  m_ObjectHideFlags: 0
  m_CorrespondingSourceObject: {fileID: 0}
  m_PrefabInstance: {fileID: 0}
  m_PrefabAsset: {fileID: 0}
  m_GameObject: {fileID: 5504481737891373476}
  serializedVersion: 2
  m_LocalRotation: {x: 0, y: 0, z: 0, w: 1}
  m_LocalPosition: {x: 0, y: 0, z: 0}
  m_LocalScale: {x: 1, y: 1, z: 1}
  m_ConstrainProportionsScale: 0
  m_Children:
  - {fileID: 3733363705648327085}
  - {fileID: 6168727990753120109}
  - {fileID: 5233917953463710263}
  - {fileID: 8682708073007288319}
  - {fileID: 2218618679240550946}
  - {fileID: 3226686466543503949}
  - {fileID: 5662526234253279224}
  - {fileID: 4403935962512782742}
  m_Father: {fileID: 4020718088624137338}
  m_LocalEulerAnglesHint: {x: 0, y: 0, z: 0}
--- !u!1 &5891353886306274828
GameObject:
  m_ObjectHideFlags: 0
  m_CorrespondingSourceObject: {fileID: 0}
  m_PrefabInstance: {fileID: 0}
  m_PrefabAsset: {fileID: 0}
  serializedVersion: 6
  m_Component:
  - component: {fileID: 214065009936508834}
  m_Layer: 0
  m_Name: Covers
  m_TagString: Untagged
  m_Icon: {fileID: 0}
  m_NavMeshLayer: 0
  m_StaticEditorFlags: 0
  m_IsActive: 1
--- !u!4 &214065009936508834
Transform:
  m_ObjectHideFlags: 0
  m_CorrespondingSourceObject: {fileID: 0}
  m_PrefabInstance: {fileID: 0}
  m_PrefabAsset: {fileID: 0}
  m_GameObject: {fileID: 5891353886306274828}
  serializedVersion: 2
  m_LocalRotation: {x: 0, y: 0, z: 0, w: 1}
  m_LocalPosition: {x: 0, y: 0, z: 0}
  m_LocalScale: {x: 1, y: 1, z: 1}
  m_ConstrainProportionsScale: 0
  m_Children:
  - {fileID: 3874223666178035945}
  - {fileID: 4470254738511782698}
  - {fileID: 2839685607904315170}
  - {fileID: 8569092153012484224}
  - {fileID: 3394744348669702997}
  - {fileID: 8944080287740058692}
  - {fileID: 2405372699211241451}
  m_Father: {fileID: 4020718088624137338}
  m_LocalEulerAnglesHint: {x: 0, y: 0, z: 0}
--- !u!1 &6502453276962365373
GameObject:
  m_ObjectHideFlags: 0
  m_CorrespondingSourceObject: {fileID: 0}
  m_PrefabInstance: {fileID: 0}
  m_PrefabAsset: {fileID: 0}
  serializedVersion: 6
  m_Component:
  - component: {fileID: 2570847004094414838}
  - component: {fileID: 159719818339614936}
  - component: {fileID: 6017328889918246455}
  - component: {fileID: 4452295570566271898}
  m_Layer: 0
  m_Name: Cube
  m_TagString: Untagged
  m_Icon: {fileID: 0}
  m_NavMeshLayer: 0
  m_StaticEditorFlags: 0
  m_IsActive: 1
--- !u!4 &2570847004094414838
Transform:
  m_ObjectHideFlags: 0
  m_CorrespondingSourceObject: {fileID: 0}
  m_PrefabInstance: {fileID: 0}
  m_PrefabAsset: {fileID: 0}
  m_GameObject: {fileID: 6502453276962365373}
  serializedVersion: 2
  m_LocalRotation: {x: -0, y: -0, z: -0, w: 1}
  m_LocalPosition: {x: 8, y: 1.15, z: 11.7}
  m_LocalScale: {x: 3, y: 3, z: 3}
  m_ConstrainProportionsScale: 0
  m_Children: []
  m_Father: {fileID: 688046308043954802}
  m_LocalEulerAnglesHint: {x: 0, y: 0, z: 0}
--- !u!33 &159719818339614936
MeshFilter:
  m_ObjectHideFlags: 0
  m_CorrespondingSourceObject: {fileID: 0}
  m_PrefabInstance: {fileID: 0}
  m_PrefabAsset: {fileID: 0}
  m_GameObject: {fileID: 6502453276962365373}
  m_Mesh: {fileID: 10202, guid: 0000000000000000e000000000000000, type: 0}
--- !u!23 &6017328889918246455
MeshRenderer:
  m_ObjectHideFlags: 0
  m_CorrespondingSourceObject: {fileID: 0}
  m_PrefabInstance: {fileID: 0}
  m_PrefabAsset: {fileID: 0}
  m_GameObject: {fileID: 6502453276962365373}
  m_Enabled: 1
  m_CastShadows: 1
  m_ReceiveShadows: 1
  m_DynamicOccludee: 1
  m_StaticShadowCaster: 0
  m_MotionVectors: 1
  m_LightProbeUsage: 1
  m_ReflectionProbeUsage: 1
  m_RayTracingMode: 2
  m_RayTraceProcedural: 0
  m_RenderingLayerMask: 1
  m_RendererPriority: 0
  m_Materials:
  - {fileID: 2100000, guid: 4fc513144b6f6584cb5b7654624a5ae7, type: 2}
  m_StaticBatchInfo:
    firstSubMesh: 0
    subMeshCount: 0
  m_StaticBatchRoot: {fileID: 0}
  m_ProbeAnchor: {fileID: 0}
  m_LightProbeVolumeOverride: {fileID: 0}
  m_ScaleInLightmap: 1
  m_ReceiveGI: 1
  m_PreserveUVs: 0
  m_IgnoreNormalsForChartDetection: 0
  m_ImportantGI: 0
  m_StitchLightmapSeams: 1
  m_SelectedEditorRenderState: 3
  m_MinimumChartSize: 4
  m_AutoUVMaxDistance: 0.5
  m_AutoUVMaxAngle: 89
  m_LightmapParameters: {fileID: 0}
  m_SortingLayerID: 0
  m_SortingLayer: 0
  m_SortingOrder: 0
  m_AdditionalVertexStreams: {fileID: 0}
--- !u!65 &4452295570566271898
BoxCollider:
  m_ObjectHideFlags: 0
  m_CorrespondingSourceObject: {fileID: 0}
  m_PrefabInstance: {fileID: 0}
  m_PrefabAsset: {fileID: 0}
  m_GameObject: {fileID: 6502453276962365373}
  m_Material: {fileID: 0}
  m_IncludeLayers:
    serializedVersion: 2
    m_Bits: 0
  m_ExcludeLayers:
    serializedVersion: 2
    m_Bits: 0
  m_LayerOverridePriority: 0
  m_IsTrigger: 0
  m_ProvidesContacts: 0
  m_Enabled: 1
  serializedVersion: 3
  m_Size: {x: 1, y: 1, z: 1}
  m_Center: {x: 0, y: 0, z: 0}
--- !u!1 &6757254197734641476
GameObject:
  m_ObjectHideFlags: 0
  m_CorrespondingSourceObject: {fileID: 0}
  m_PrefabInstance: {fileID: 0}
  m_PrefabAsset: {fileID: 0}
  serializedVersion: 6
  m_Component:
  - component: {fileID: 5967320422709222464}
  - component: {fileID: 7691713259857899615}
  m_Layer: 0
  m_Name: SpawnPoint
  m_TagString: Untagged
  m_Icon: {fileID: 0}
  m_NavMeshLayer: 0
  m_StaticEditorFlags: 0
  m_IsActive: 1
--- !u!4 &5967320422709222464
Transform:
  m_ObjectHideFlags: 0
  m_CorrespondingSourceObject: {fileID: 0}
  m_PrefabInstance: {fileID: 0}
  m_PrefabAsset: {fileID: 0}
  m_GameObject: {fileID: 6757254197734641476}
  serializedVersion: 2
  m_LocalRotation: {x: 0, y: 0, z: 0, w: 1}
  m_LocalPosition: {x: -10.09, y: 0.5, z: 9.01}
  m_LocalScale: {x: 1, y: 1, z: 1}
  m_ConstrainProportionsScale: 0
  m_Children: []
  m_Father: {fileID: 5883607868274512320}
  m_LocalEulerAnglesHint: {x: 0, y: 0, z: 0}
--- !u!114 &7691713259857899615
MonoBehaviour:
  m_ObjectHideFlags: 0
  m_CorrespondingSourceObject: {fileID: 0}
  m_PrefabInstance: {fileID: 0}
  m_PrefabAsset: {fileID: 0}
  m_GameObject: {fileID: 6757254197734641476}
  m_Enabled: 1
  m_EditorHideFlags: 0
  m_Script: {fileID: 11500000, guid: 617aa06a788eda149bb14824b76d2e19, type: 3}
  m_Name: 
  m_EditorClassIdentifier: 
--- !u!1 &7152665567634897404
GameObject:
  m_ObjectHideFlags: 0
  m_CorrespondingSourceObject: {fileID: 0}
  m_PrefabInstance: {fileID: 0}
  m_PrefabAsset: {fileID: 0}
  serializedVersion: 6
  m_Component:
  - component: {fileID: 2785743464054822450}
  - component: {fileID: 3682554925536414711}
  - component: {fileID: 8874358428393144233}
  - component: {fileID: 1057468206348499626}
  m_Layer: 0
  m_Name: Cube (5)
  m_TagString: Untagged
  m_Icon: {fileID: 0}
  m_NavMeshLayer: 0
  m_StaticEditorFlags: 0
  m_IsActive: 1
--- !u!4 &2785743464054822450
Transform:
  m_ObjectHideFlags: 0
  m_CorrespondingSourceObject: {fileID: 0}
  m_PrefabInstance: {fileID: 0}
  m_PrefabAsset: {fileID: 0}
  m_GameObject: {fileID: 7152665567634897404}
  serializedVersion: 2
  m_LocalRotation: {x: -0, y: -0, z: -0, w: 1}
  m_LocalPosition: {x: -4.21, y: -0.3, z: 6.51}
  m_LocalScale: {x: 3.81, y: 3, z: 4.42}
  m_ConstrainProportionsScale: 0
  m_Children: []
  m_Father: {fileID: 688046308043954802}
  m_LocalEulerAnglesHint: {x: 0, y: 0, z: 0}
--- !u!33 &3682554925536414711
MeshFilter:
  m_ObjectHideFlags: 0
  m_CorrespondingSourceObject: {fileID: 0}
  m_PrefabInstance: {fileID: 0}
  m_PrefabAsset: {fileID: 0}
  m_GameObject: {fileID: 7152665567634897404}
  m_Mesh: {fileID: 10202, guid: 0000000000000000e000000000000000, type: 0}
--- !u!23 &8874358428393144233
MeshRenderer:
  m_ObjectHideFlags: 0
  m_CorrespondingSourceObject: {fileID: 0}
  m_PrefabInstance: {fileID: 0}
  m_PrefabAsset: {fileID: 0}
  m_GameObject: {fileID: 7152665567634897404}
  m_Enabled: 1
  m_CastShadows: 1
  m_ReceiveShadows: 1
  m_DynamicOccludee: 1
  m_StaticShadowCaster: 0
  m_MotionVectors: 1
  m_LightProbeUsage: 1
  m_ReflectionProbeUsage: 1
  m_RayTracingMode: 2
  m_RayTraceProcedural: 0
  m_RenderingLayerMask: 1
  m_RendererPriority: 0
  m_Materials:
  - {fileID: 2100000, guid: 4fc513144b6f6584cb5b7654624a5ae7, type: 2}
  m_StaticBatchInfo:
    firstSubMesh: 0
    subMeshCount: 0
  m_StaticBatchRoot: {fileID: 0}
  m_ProbeAnchor: {fileID: 0}
  m_LightProbeVolumeOverride: {fileID: 0}
  m_ScaleInLightmap: 1
  m_ReceiveGI: 1
  m_PreserveUVs: 0
  m_IgnoreNormalsForChartDetection: 0
  m_ImportantGI: 0
  m_StitchLightmapSeams: 1
  m_SelectedEditorRenderState: 3
  m_MinimumChartSize: 4
  m_AutoUVMaxDistance: 0.5
  m_AutoUVMaxAngle: 89
  m_LightmapParameters: {fileID: 0}
  m_SortingLayerID: 0
  m_SortingLayer: 0
  m_SortingOrder: 0
  m_AdditionalVertexStreams: {fileID: 0}
--- !u!65 &1057468206348499626
BoxCollider:
  m_ObjectHideFlags: 0
  m_CorrespondingSourceObject: {fileID: 0}
  m_PrefabInstance: {fileID: 0}
  m_PrefabAsset: {fileID: 0}
  m_GameObject: {fileID: 7152665567634897404}
  m_Material: {fileID: 0}
  m_IncludeLayers:
    serializedVersion: 2
    m_Bits: 0
  m_ExcludeLayers:
    serializedVersion: 2
    m_Bits: 0
  m_LayerOverridePriority: 0
  m_IsTrigger: 0
  m_ProvidesContacts: 0
  m_Enabled: 1
  serializedVersion: 3
  m_Size: {x: 1, y: 1, z: 1}
  m_Center: {x: 0, y: 0, z: 0}
--- !u!1 &8562191999353787308
GameObject:
  m_ObjectHideFlags: 0
  m_CorrespondingSourceObject: {fileID: 0}
  m_PrefabInstance: {fileID: 0}
  m_PrefabAsset: {fileID: 0}
  serializedVersion: 6
  m_Component:
  - component: {fileID: 7456821570742874785}
  - component: {fileID: 2599340731009132490}
  m_Layer: 0
  m_Name: SpawnPoint
  m_TagString: Untagged
  m_Icon: {fileID: 0}
  m_NavMeshLayer: 0
  m_StaticEditorFlags: 0
  m_IsActive: 1
--- !u!4 &7456821570742874785
Transform:
  m_ObjectHideFlags: 0
  m_CorrespondingSourceObject: {fileID: 0}
  m_PrefabInstance: {fileID: 0}
  m_PrefabAsset: {fileID: 0}
  m_GameObject: {fileID: 8562191999353787308}
  serializedVersion: 2
  m_LocalRotation: {x: 0, y: 0, z: 0, w: 1}
  m_LocalPosition: {x: 5.1, y: 0.5, z: 17.94}
  m_LocalScale: {x: 1, y: 1, z: 1}
  m_ConstrainProportionsScale: 0
  m_Children: []
  m_Father: {fileID: 5883607868274512320}
  m_LocalEulerAnglesHint: {x: 0, y: 0, z: 0}
--- !u!114 &2599340731009132490
MonoBehaviour:
  m_ObjectHideFlags: 0
  m_CorrespondingSourceObject: {fileID: 0}
  m_PrefabInstance: {fileID: 0}
  m_PrefabAsset: {fileID: 0}
  m_GameObject: {fileID: 8562191999353787308}
  m_Enabled: 1
  m_EditorHideFlags: 0
  m_Script: {fileID: 11500000, guid: 617aa06a788eda149bb14824b76d2e19, type: 3}
  m_Name: 
  m_EditorClassIdentifier: 
--- !u!1 &8629269885967732193
GameObject:
  m_ObjectHideFlags: 0
  m_CorrespondingSourceObject: {fileID: 0}
  m_PrefabInstance: {fileID: 0}
  m_PrefabAsset: {fileID: 0}
  serializedVersion: 6
  m_Component:
  - component: {fileID: 768757765909081699}
  - component: {fileID: 1040476166113394085}
  - component: {fileID: 2730014477534404890}
  - component: {fileID: 8645268397661384002}
  m_Layer: 0
  m_Name: Cube (3)
  m_TagString: Untagged
  m_Icon: {fileID: 0}
  m_NavMeshLayer: 0
  m_StaticEditorFlags: 0
  m_IsActive: 1
--- !u!4 &768757765909081699
Transform:
  m_ObjectHideFlags: 0
  m_CorrespondingSourceObject: {fileID: 0}
  m_PrefabInstance: {fileID: 0}
  m_PrefabAsset: {fileID: 0}
  m_GameObject: {fileID: 8629269885967732193}
  serializedVersion: 2
  m_LocalRotation: {x: -0, y: -0, z: -0, w: 1}
  m_LocalPosition: {x: 0.5, y: 0.5, z: 17.7}
  m_LocalScale: {x: 3.81, y: 3, z: 4.42}
  m_ConstrainProportionsScale: 0
  m_Children: []
  m_Father: {fileID: 688046308043954802}
  m_LocalEulerAnglesHint: {x: 0, y: 0, z: 0}
--- !u!33 &1040476166113394085
MeshFilter:
  m_ObjectHideFlags: 0
  m_CorrespondingSourceObject: {fileID: 0}
  m_PrefabInstance: {fileID: 0}
  m_PrefabAsset: {fileID: 0}
  m_GameObject: {fileID: 8629269885967732193}
  m_Mesh: {fileID: 10202, guid: 0000000000000000e000000000000000, type: 0}
--- !u!23 &2730014477534404890
MeshRenderer:
  m_ObjectHideFlags: 0
  m_CorrespondingSourceObject: {fileID: 0}
  m_PrefabInstance: {fileID: 0}
  m_PrefabAsset: {fileID: 0}
  m_GameObject: {fileID: 8629269885967732193}
  m_Enabled: 1
  m_CastShadows: 1
  m_ReceiveShadows: 1
  m_DynamicOccludee: 1
  m_StaticShadowCaster: 0
  m_MotionVectors: 1
  m_LightProbeUsage: 1
  m_ReflectionProbeUsage: 1
  m_RayTracingMode: 2
  m_RayTraceProcedural: 0
  m_RenderingLayerMask: 1
  m_RendererPriority: 0
  m_Materials:
  - {fileID: 2100000, guid: 4fc513144b6f6584cb5b7654624a5ae7, type: 2}
  m_StaticBatchInfo:
    firstSubMesh: 0
    subMeshCount: 0
  m_StaticBatchRoot: {fileID: 0}
  m_ProbeAnchor: {fileID: 0}
  m_LightProbeVolumeOverride: {fileID: 0}
  m_ScaleInLightmap: 1
  m_ReceiveGI: 1
  m_PreserveUVs: 0
  m_IgnoreNormalsForChartDetection: 0
  m_ImportantGI: 0
  m_StitchLightmapSeams: 1
  m_SelectedEditorRenderState: 3
  m_MinimumChartSize: 4
  m_AutoUVMaxDistance: 0.5
  m_AutoUVMaxAngle: 89
  m_LightmapParameters: {fileID: 0}
  m_SortingLayerID: 0
  m_SortingLayer: 0
  m_SortingOrder: 0
  m_AdditionalVertexStreams: {fileID: 0}
--- !u!65 &8645268397661384002
BoxCollider:
  m_ObjectHideFlags: 0
  m_CorrespondingSourceObject: {fileID: 0}
  m_PrefabInstance: {fileID: 0}
  m_PrefabAsset: {fileID: 0}
  m_GameObject: {fileID: 8629269885967732193}
  m_Material: {fileID: 0}
  m_IncludeLayers:
    serializedVersion: 2
    m_Bits: 0
  m_ExcludeLayers:
    serializedVersion: 2
    m_Bits: 0
  m_LayerOverridePriority: 0
  m_IsTrigger: 0
  m_ProvidesContacts: 0
  m_Enabled: 1
  serializedVersion: 3
  m_Size: {x: 1, y: 1, z: 1}
  m_Center: {x: 0, y: 0, z: 0}
--- !u!1001 &85875960517097222
PrefabInstance:
  m_ObjectHideFlags: 0
  serializedVersion: 2
  m_Modification:
    serializedVersion: 3
    m_TransformParent: {fileID: 3341764216468722525}
    m_Modifications:
    - target: {fileID: 1497412137902838733, guid: 100d978e979ae8c4fbd09b4dffaeb31d, type: 3}
      propertyPath: m_Name
      value: SimplePhysicObject (5)
      objectReference: {fileID: 0}
    - target: {fileID: 3311950600068873547, guid: 100d978e979ae8c4fbd09b4dffaeb31d, type: 3}
      propertyPath: m_LocalPosition.x
      value: -2.58
      objectReference: {fileID: 0}
    - target: {fileID: 3311950600068873547, guid: 100d978e979ae8c4fbd09b4dffaeb31d, type: 3}
      propertyPath: m_LocalPosition.y
      value: 1.1
      objectReference: {fileID: 0}
    - target: {fileID: 3311950600068873547, guid: 100d978e979ae8c4fbd09b4dffaeb31d, type: 3}
      propertyPath: m_LocalPosition.z
      value: 0.26
      objectReference: {fileID: 0}
    - target: {fileID: 3311950600068873547, guid: 100d978e979ae8c4fbd09b4dffaeb31d, type: 3}
      propertyPath: m_LocalRotation.w
      value: 1
      objectReference: {fileID: 0}
    - target: {fileID: 3311950600068873547, guid: 100d978e979ae8c4fbd09b4dffaeb31d, type: 3}
      propertyPath: m_LocalRotation.x
      value: -0
      objectReference: {fileID: 0}
    - target: {fileID: 3311950600068873547, guid: 100d978e979ae8c4fbd09b4dffaeb31d, type: 3}
      propertyPath: m_LocalRotation.y
      value: -0
      objectReference: {fileID: 0}
    - target: {fileID: 3311950600068873547, guid: 100d978e979ae8c4fbd09b4dffaeb31d, type: 3}
      propertyPath: m_LocalRotation.z
      value: -0
      objectReference: {fileID: 0}
    - target: {fileID: 3311950600068873547, guid: 100d978e979ae8c4fbd09b4dffaeb31d, type: 3}
      propertyPath: m_LocalEulerAnglesHint.x
      value: 0
      objectReference: {fileID: 0}
    - target: {fileID: 3311950600068873547, guid: 100d978e979ae8c4fbd09b4dffaeb31d, type: 3}
      propertyPath: m_LocalEulerAnglesHint.y
      value: 0
      objectReference: {fileID: 0}
    - target: {fileID: 3311950600068873547, guid: 100d978e979ae8c4fbd09b4dffaeb31d, type: 3}
      propertyPath: m_LocalEulerAnglesHint.z
      value: 0
      objectReference: {fileID: 0}
    m_RemovedComponents: []
    m_RemovedGameObjects: []
    m_AddedGameObjects: []
    m_AddedComponents: []
  m_SourcePrefab: {fileID: 100100000, guid: 100d978e979ae8c4fbd09b4dffaeb31d, type: 3}
--- !u!4 &3226686466543503949 stripped
Transform:
  m_CorrespondingSourceObject: {fileID: 3311950600068873547, guid: 100d978e979ae8c4fbd09b4dffaeb31d, type: 3}
  m_PrefabInstance: {fileID: 85875960517097222}
  m_PrefabAsset: {fileID: 0}
--- !u!1001 &1219215360807094493
PrefabInstance:
  m_ObjectHideFlags: 0
  serializedVersion: 2
  m_Modification:
    serializedVersion: 3
    m_TransformParent: {fileID: 3341764216468722525}
    m_Modifications:
    - target: {fileID: 1497412137902838733, guid: 100d978e979ae8c4fbd09b4dffaeb31d, type: 3}
      propertyPath: m_Name
      value: SimplePhysicObject (7)
      objectReference: {fileID: 0}
    - target: {fileID: 3311950600068873547, guid: 100d978e979ae8c4fbd09b4dffaeb31d, type: 3}
      propertyPath: m_LocalPosition.x
      value: -1.28
      objectReference: {fileID: 0}
    - target: {fileID: 3311950600068873547, guid: 100d978e979ae8c4fbd09b4dffaeb31d, type: 3}
      propertyPath: m_LocalPosition.y
      value: 1.1
      objectReference: {fileID: 0}
    - target: {fileID: 3311950600068873547, guid: 100d978e979ae8c4fbd09b4dffaeb31d, type: 3}
      propertyPath: m_LocalPosition.z
      value: -3.17
      objectReference: {fileID: 0}
    - target: {fileID: 3311950600068873547, guid: 100d978e979ae8c4fbd09b4dffaeb31d, type: 3}
      propertyPath: m_LocalRotation.w
      value: 1
      objectReference: {fileID: 0}
    - target: {fileID: 3311950600068873547, guid: 100d978e979ae8c4fbd09b4dffaeb31d, type: 3}
      propertyPath: m_LocalRotation.x
      value: -0
      objectReference: {fileID: 0}
    - target: {fileID: 3311950600068873547, guid: 100d978e979ae8c4fbd09b4dffaeb31d, type: 3}
      propertyPath: m_LocalRotation.y
      value: -0
      objectReference: {fileID: 0}
    - target: {fileID: 3311950600068873547, guid: 100d978e979ae8c4fbd09b4dffaeb31d, type: 3}
      propertyPath: m_LocalRotation.z
      value: -0
      objectReference: {fileID: 0}
    - target: {fileID: 3311950600068873547, guid: 100d978e979ae8c4fbd09b4dffaeb31d, type: 3}
      propertyPath: m_LocalEulerAnglesHint.x
      value: 0
      objectReference: {fileID: 0}
    - target: {fileID: 3311950600068873547, guid: 100d978e979ae8c4fbd09b4dffaeb31d, type: 3}
      propertyPath: m_LocalEulerAnglesHint.y
      value: 0
      objectReference: {fileID: 0}
    - target: {fileID: 3311950600068873547, guid: 100d978e979ae8c4fbd09b4dffaeb31d, type: 3}
      propertyPath: m_LocalEulerAnglesHint.z
      value: 0
      objectReference: {fileID: 0}
    m_RemovedComponents: []
    m_RemovedGameObjects: []
    m_AddedGameObjects: []
    m_AddedComponents: []
  m_SourcePrefab: {fileID: 100100000, guid: 100d978e979ae8c4fbd09b4dffaeb31d, type: 3}
--- !u!4 &4403935962512782742 stripped
Transform:
  m_CorrespondingSourceObject: {fileID: 3311950600068873547, guid: 100d978e979ae8c4fbd09b4dffaeb31d, type: 3}
  m_PrefabInstance: {fileID: 1219215360807094493}
  m_PrefabAsset: {fileID: 0}
--- !u!1001 &1427065002348295293
PrefabInstance:
  m_ObjectHideFlags: 0
  serializedVersion: 2
  m_Modification:
    serializedVersion: 3
    m_TransformParent: {fileID: 214065009936508834}
    m_Modifications:
    - target: {fileID: 1495942940621279095, guid: b016d153f13e37a41a7b86a2e0f885a4, type: 3}
      propertyPath: m_Name
      value: Fence (3)
      objectReference: {fileID: 0}
    - target: {fileID: 3651414029575136150, guid: b016d153f13e37a41a7b86a2e0f885a4, type: 3}
      propertyPath: m_LocalPosition.x
      value: 14.84
      objectReference: {fileID: 0}
    - target: {fileID: 3651414029575136150, guid: b016d153f13e37a41a7b86a2e0f885a4, type: 3}
      propertyPath: m_LocalPosition.y
      value: 1
      objectReference: {fileID: 0}
    - target: {fileID: 3651414029575136150, guid: b016d153f13e37a41a7b86a2e0f885a4, type: 3}
      propertyPath: m_LocalPosition.z
      value: 10.73
      objectReference: {fileID: 0}
    - target: {fileID: 3651414029575136150, guid: b016d153f13e37a41a7b86a2e0f885a4, type: 3}
      propertyPath: m_LocalRotation.w
      value: 0.7071068
      objectReference: {fileID: 0}
    - target: {fileID: 3651414029575136150, guid: b016d153f13e37a41a7b86a2e0f885a4, type: 3}
      propertyPath: m_LocalRotation.x
      value: -0
      objectReference: {fileID: 0}
    - target: {fileID: 3651414029575136150, guid: b016d153f13e37a41a7b86a2e0f885a4, type: 3}
      propertyPath: m_LocalRotation.y
      value: 0.7071068
      objectReference: {fileID: 0}
    - target: {fileID: 3651414029575136150, guid: b016d153f13e37a41a7b86a2e0f885a4, type: 3}
      propertyPath: m_LocalRotation.z
      value: -0
      objectReference: {fileID: 0}
    - target: {fileID: 3651414029575136150, guid: b016d153f13e37a41a7b86a2e0f885a4, type: 3}
      propertyPath: m_LocalEulerAnglesHint.x
      value: 0
      objectReference: {fileID: 0}
    - target: {fileID: 3651414029575136150, guid: b016d153f13e37a41a7b86a2e0f885a4, type: 3}
      propertyPath: m_LocalEulerAnglesHint.y
      value: 90
      objectReference: {fileID: 0}
    - target: {fileID: 3651414029575136150, guid: b016d153f13e37a41a7b86a2e0f885a4, type: 3}
      propertyPath: m_LocalEulerAnglesHint.z
      value: 0
      objectReference: {fileID: 0}
    m_RemovedComponents: []
    m_RemovedGameObjects: []
    m_AddedGameObjects: []
    m_AddedComponents: []
  m_SourcePrefab: {fileID: 100100000, guid: b016d153f13e37a41a7b86a2e0f885a4, type: 3}
--- !u!4 &2405372699211241451 stripped
Transform:
  m_CorrespondingSourceObject: {fileID: 3651414029575136150, guid: b016d153f13e37a41a7b86a2e0f885a4, type: 3}
  m_PrefabInstance: {fileID: 1427065002348295293}
  m_PrefabAsset: {fileID: 0}
--- !u!1001 &2139456429236211907
PrefabInstance:
  m_ObjectHideFlags: 0
  serializedVersion: 2
  m_Modification:
    serializedVersion: 3
    m_TransformParent: {fileID: 214065009936508834}
    m_Modifications:
    - target: {fileID: 1495942940621279095, guid: b016d153f13e37a41a7b86a2e0f885a4, type: 3}
      propertyPath: m_Name
      value: Fence (1)
      objectReference: {fileID: 0}
    - target: {fileID: 3651414029575136150, guid: b016d153f13e37a41a7b86a2e0f885a4, type: 3}
      propertyPath: m_LocalPosition.x
      value: 1.84
      objectReference: {fileID: 0}
    - target: {fileID: 3651414029575136150, guid: b016d153f13e37a41a7b86a2e0f885a4, type: 3}
      propertyPath: m_LocalPosition.y
      value: 1
      objectReference: {fileID: 0}
    - target: {fileID: 3651414029575136150, guid: b016d153f13e37a41a7b86a2e0f885a4, type: 3}
      propertyPath: m_LocalPosition.z
      value: 4.26
      objectReference: {fileID: 0}
    - target: {fileID: 3651414029575136150, guid: b016d153f13e37a41a7b86a2e0f885a4, type: 3}
      propertyPath: m_LocalRotation.w
      value: 1
      objectReference: {fileID: 0}
    - target: {fileID: 3651414029575136150, guid: b016d153f13e37a41a7b86a2e0f885a4, type: 3}
      propertyPath: m_LocalRotation.x
      value: 0
      objectReference: {fileID: 0}
    - target: {fileID: 3651414029575136150, guid: b016d153f13e37a41a7b86a2e0f885a4, type: 3}
      propertyPath: m_LocalRotation.y
      value: 0
      objectReference: {fileID: 0}
    - target: {fileID: 3651414029575136150, guid: b016d153f13e37a41a7b86a2e0f885a4, type: 3}
      propertyPath: m_LocalRotation.z
      value: 0
      objectReference: {fileID: 0}
    - target: {fileID: 3651414029575136150, guid: b016d153f13e37a41a7b86a2e0f885a4, type: 3}
      propertyPath: m_LocalEulerAnglesHint.x
      value: 0
      objectReference: {fileID: 0}
    - target: {fileID: 3651414029575136150, guid: b016d153f13e37a41a7b86a2e0f885a4, type: 3}
      propertyPath: m_LocalEulerAnglesHint.y
      value: 0
      objectReference: {fileID: 0}
    - target: {fileID: 3651414029575136150, guid: b016d153f13e37a41a7b86a2e0f885a4, type: 3}
      propertyPath: m_LocalEulerAnglesHint.z
      value: 0
      objectReference: {fileID: 0}
    m_RemovedComponents: []
    m_RemovedGameObjects: []
    m_AddedGameObjects: []
    m_AddedComponents: []
  m_SourcePrefab: {fileID: 100100000, guid: b016d153f13e37a41a7b86a2e0f885a4, type: 3}
--- !u!4 &3394744348669702997 stripped
Transform:
  m_CorrespondingSourceObject: {fileID: 3651414029575136150, guid: b016d153f13e37a41a7b86a2e0f885a4, type: 3}
  m_PrefabInstance: {fileID: 2139456429236211907}
  m_PrefabAsset: {fileID: 0}
--- !u!1001 &2178047903941924070
PrefabInstance:
  m_ObjectHideFlags: 0
  serializedVersion: 2
  m_Modification:
    serializedVersion: 3
    m_TransformParent: {fileID: 3341764216468722525}
    m_Modifications:
    - target: {fileID: 1497412137902838733, guid: 100d978e979ae8c4fbd09b4dffaeb31d, type: 3}
      propertyPath: m_Name
      value: SimplePhysicObject
      objectReference: {fileID: 0}
    - target: {fileID: 3311950600068873547, guid: 100d978e979ae8c4fbd09b4dffaeb31d, type: 3}
      propertyPath: m_LocalPosition.x
      value: 0
      objectReference: {fileID: 0}
    - target: {fileID: 3311950600068873547, guid: 100d978e979ae8c4fbd09b4dffaeb31d, type: 3}
      propertyPath: m_LocalPosition.y
      value: 1.1
      objectReference: {fileID: 0}
    - target: {fileID: 3311950600068873547, guid: 100d978e979ae8c4fbd09b4dffaeb31d, type: 3}
      propertyPath: m_LocalPosition.z
      value: 1.85
      objectReference: {fileID: 0}
    - target: {fileID: 3311950600068873547, guid: 100d978e979ae8c4fbd09b4dffaeb31d, type: 3}
      propertyPath: m_LocalRotation.w
      value: 1
      objectReference: {fileID: 0}
    - target: {fileID: 3311950600068873547, guid: 100d978e979ae8c4fbd09b4dffaeb31d, type: 3}
      propertyPath: m_LocalRotation.x
      value: -0
      objectReference: {fileID: 0}
    - target: {fileID: 3311950600068873547, guid: 100d978e979ae8c4fbd09b4dffaeb31d, type: 3}
      propertyPath: m_LocalRotation.y
      value: -0
      objectReference: {fileID: 0}
    - target: {fileID: 3311950600068873547, guid: 100d978e979ae8c4fbd09b4dffaeb31d, type: 3}
      propertyPath: m_LocalRotation.z
      value: -0
      objectReference: {fileID: 0}
    - target: {fileID: 3311950600068873547, guid: 100d978e979ae8c4fbd09b4dffaeb31d, type: 3}
      propertyPath: m_LocalEulerAnglesHint.x
      value: 0
      objectReference: {fileID: 0}
    - target: {fileID: 3311950600068873547, guid: 100d978e979ae8c4fbd09b4dffaeb31d, type: 3}
      propertyPath: m_LocalEulerAnglesHint.y
      value: 0
      objectReference: {fileID: 0}
    - target: {fileID: 3311950600068873547, guid: 100d978e979ae8c4fbd09b4dffaeb31d, type: 3}
      propertyPath: m_LocalEulerAnglesHint.z
      value: 0
      objectReference: {fileID: 0}
    m_RemovedComponents: []
    m_RemovedGameObjects: []
    m_AddedGameObjects: []
    m_AddedComponents: []
  m_SourcePrefab: {fileID: 100100000, guid: 100d978e979ae8c4fbd09b4dffaeb31d, type: 3}
--- !u!4 &3733363705648327085 stripped
Transform:
  m_CorrespondingSourceObject: {fileID: 3311950600068873547, guid: 100d978e979ae8c4fbd09b4dffaeb31d, type: 3}
  m_PrefabInstance: {fileID: 2178047903941924070}
  m_PrefabAsset: {fileID: 0}
--- !u!1001 &2638020245462582288
PrefabInstance:
  m_ObjectHideFlags: 0
  serializedVersion: 2
  m_Modification:
    serializedVersion: 3
    m_TransformParent: {fileID: 214065009936508834}
    m_Modifications:
    - target: {fileID: 1249784675348649209, guid: ab63d7d5fffe07d468fc9a863fbeac61, type: 3}
      propertyPath: m_LocalPosition.x
      value: 5.6
      objectReference: {fileID: 0}
    - target: {fileID: 1249784675348649209, guid: ab63d7d5fffe07d468fc9a863fbeac61, type: 3}
      propertyPath: m_LocalPosition.y
      value: 1
      objectReference: {fileID: 0}
    - target: {fileID: 1249784675348649209, guid: ab63d7d5fffe07d468fc9a863fbeac61, type: 3}
      propertyPath: m_LocalPosition.z
      value: 0
      objectReference: {fileID: 0}
    - target: {fileID: 1249784675348649209, guid: ab63d7d5fffe07d468fc9a863fbeac61, type: 3}
      propertyPath: m_LocalRotation.w
      value: 1
      objectReference: {fileID: 0}
    - target: {fileID: 1249784675348649209, guid: ab63d7d5fffe07d468fc9a863fbeac61, type: 3}
      propertyPath: m_LocalRotation.x
      value: -0
      objectReference: {fileID: 0}
    - target: {fileID: 1249784675348649209, guid: ab63d7d5fffe07d468fc9a863fbeac61, type: 3}
      propertyPath: m_LocalRotation.y
      value: -0
      objectReference: {fileID: 0}
    - target: {fileID: 1249784675348649209, guid: ab63d7d5fffe07d468fc9a863fbeac61, type: 3}
      propertyPath: m_LocalRotation.z
      value: -0
      objectReference: {fileID: 0}
    - target: {fileID: 1249784675348649209, guid: ab63d7d5fffe07d468fc9a863fbeac61, type: 3}
      propertyPath: m_LocalEulerAnglesHint.x
      value: 0
      objectReference: {fileID: 0}
    - target: {fileID: 1249784675348649209, guid: ab63d7d5fffe07d468fc9a863fbeac61, type: 3}
      propertyPath: m_LocalEulerAnglesHint.y
      value: 0
      objectReference: {fileID: 0}
    - target: {fileID: 1249784675348649209, guid: ab63d7d5fffe07d468fc9a863fbeac61, type: 3}
      propertyPath: m_LocalEulerAnglesHint.z
      value: 0
      objectReference: {fileID: 0}
    - target: {fileID: 1406200603350299822, guid: ab63d7d5fffe07d468fc9a863fbeac61, type: 3}
      propertyPath: m_Name
      value: SimpleBox
      objectReference: {fileID: 0}
    - target: {fileID: 4070709606434250491, guid: ab63d7d5fffe07d468fc9a863fbeac61, type: 3}
      propertyPath: m_Materials.Array.data[0]
      value: 
      objectReference: {fileID: 2100000, guid: 7e55b39dc1519eb42acb460d6565e800, type: 2}
    m_RemovedComponents: []
    m_RemovedGameObjects: []
    m_AddedGameObjects: []
    m_AddedComponents: []
  m_SourcePrefab: {fileID: 100100000, guid: ab63d7d5fffe07d468fc9a863fbeac61, type: 3}
--- !u!4 &3874223666178035945 stripped
Transform:
  m_CorrespondingSourceObject: {fileID: 1249784675348649209, guid: ab63d7d5fffe07d468fc9a863fbeac61, type: 3}
  m_PrefabInstance: {fileID: 2638020245462582288}
  m_PrefabAsset: {fileID: 0}
--- !u!1001 &3409692805002590163
PrefabInstance:
  m_ObjectHideFlags: 0
  serializedVersion: 2
  m_Modification:
    serializedVersion: 3
    m_TransformParent: {fileID: 214065009936508834}
    m_Modifications:
    - target: {fileID: 1249784675348649209, guid: ab63d7d5fffe07d468fc9a863fbeac61, type: 3}
      propertyPath: m_LocalPosition.x
      value: -7.21
      objectReference: {fileID: 0}
    - target: {fileID: 1249784675348649209, guid: ab63d7d5fffe07d468fc9a863fbeac61, type: 3}
      propertyPath: m_LocalPosition.y
      value: 1
      objectReference: {fileID: 0}
    - target: {fileID: 1249784675348649209, guid: ab63d7d5fffe07d468fc9a863fbeac61, type: 3}
      propertyPath: m_LocalPosition.z
      value: -3.41
      objectReference: {fileID: 0}
    - target: {fileID: 1249784675348649209, guid: ab63d7d5fffe07d468fc9a863fbeac61, type: 3}
      propertyPath: m_LocalRotation.w
      value: 1
      objectReference: {fileID: 0}
    - target: {fileID: 1249784675348649209, guid: ab63d7d5fffe07d468fc9a863fbeac61, type: 3}
      propertyPath: m_LocalRotation.x
      value: -0
      objectReference: {fileID: 0}
    - target: {fileID: 1249784675348649209, guid: ab63d7d5fffe07d468fc9a863fbeac61, type: 3}
      propertyPath: m_LocalRotation.y
      value: -0
      objectReference: {fileID: 0}
    - target: {fileID: 1249784675348649209, guid: ab63d7d5fffe07d468fc9a863fbeac61, type: 3}
      propertyPath: m_LocalRotation.z
      value: -0
      objectReference: {fileID: 0}
    - target: {fileID: 1249784675348649209, guid: ab63d7d5fffe07d468fc9a863fbeac61, type: 3}
      propertyPath: m_LocalEulerAnglesHint.x
      value: 0
      objectReference: {fileID: 0}
    - target: {fileID: 1249784675348649209, guid: ab63d7d5fffe07d468fc9a863fbeac61, type: 3}
      propertyPath: m_LocalEulerAnglesHint.y
      value: 0
      objectReference: {fileID: 0}
    - target: {fileID: 1249784675348649209, guid: ab63d7d5fffe07d468fc9a863fbeac61, type: 3}
      propertyPath: m_LocalEulerAnglesHint.z
      value: 0
      objectReference: {fileID: 0}
    - target: {fileID: 1406200603350299822, guid: ab63d7d5fffe07d468fc9a863fbeac61, type: 3}
      propertyPath: m_Name
      value: SimpleBox (1)
      objectReference: {fileID: 0}
    - target: {fileID: 4070709606434250491, guid: ab63d7d5fffe07d468fc9a863fbeac61, type: 3}
      propertyPath: m_Materials.Array.data[0]
      value: 
      objectReference: {fileID: 2100000, guid: 7e55b39dc1519eb42acb460d6565e800, type: 2}
    m_RemovedComponents: []
    m_RemovedGameObjects: []
    m_AddedGameObjects: []
    m_AddedComponents: []
  m_SourcePrefab: {fileID: 100100000, guid: ab63d7d5fffe07d468fc9a863fbeac61, type: 3}
--- !u!4 &4470254738511782698 stripped
Transform:
  m_CorrespondingSourceObject: {fileID: 1249784675348649209, guid: ab63d7d5fffe07d468fc9a863fbeac61, type: 3}
  m_PrefabInstance: {fileID: 3409692805002590163}
  m_PrefabAsset: {fileID: 0}
--- !u!1001 &3691953797087811433
PrefabInstance:
  m_ObjectHideFlags: 0
  serializedVersion: 2
  m_Modification:
    serializedVersion: 3
    m_TransformParent: {fileID: 3341764216468722525}
    m_Modifications:
    - target: {fileID: 1497412137902838733, guid: 100d978e979ae8c4fbd09b4dffaeb31d, type: 3}
      propertyPath: m_Name
      value: SimplePhysicObject (4)
      objectReference: {fileID: 0}
    - target: {fileID: 3311950600068873547, guid: 100d978e979ae8c4fbd09b4dffaeb31d, type: 3}
      propertyPath: m_LocalPosition.x
      value: 2.26
      objectReference: {fileID: 0}
    - target: {fileID: 3311950600068873547, guid: 100d978e979ae8c4fbd09b4dffaeb31d, type: 3}
      propertyPath: m_LocalPosition.y
      value: 1.1
      objectReference: {fileID: 0}
    - target: {fileID: 3311950600068873547, guid: 100d978e979ae8c4fbd09b4dffaeb31d, type: 3}
      propertyPath: m_LocalPosition.z
      value: -2.41
      objectReference: {fileID: 0}
    - target: {fileID: 3311950600068873547, guid: 100d978e979ae8c4fbd09b4dffaeb31d, type: 3}
      propertyPath: m_LocalRotation.w
      value: 1
      objectReference: {fileID: 0}
    - target: {fileID: 3311950600068873547, guid: 100d978e979ae8c4fbd09b4dffaeb31d, type: 3}
      propertyPath: m_LocalRotation.x
      value: -0
      objectReference: {fileID: 0}
    - target: {fileID: 3311950600068873547, guid: 100d978e979ae8c4fbd09b4dffaeb31d, type: 3}
      propertyPath: m_LocalRotation.y
      value: -0
      objectReference: {fileID: 0}
    - target: {fileID: 3311950600068873547, guid: 100d978e979ae8c4fbd09b4dffaeb31d, type: 3}
      propertyPath: m_LocalRotation.z
      value: -0
      objectReference: {fileID: 0}
    - target: {fileID: 3311950600068873547, guid: 100d978e979ae8c4fbd09b4dffaeb31d, type: 3}
      propertyPath: m_LocalEulerAnglesHint.x
      value: 0
      objectReference: {fileID: 0}
    - target: {fileID: 3311950600068873547, guid: 100d978e979ae8c4fbd09b4dffaeb31d, type: 3}
      propertyPath: m_LocalEulerAnglesHint.y
      value: 0
      objectReference: {fileID: 0}
    - target: {fileID: 3311950600068873547, guid: 100d978e979ae8c4fbd09b4dffaeb31d, type: 3}
      propertyPath: m_LocalEulerAnglesHint.z
      value: 0
      objectReference: {fileID: 0}
    m_RemovedComponents: []
    m_RemovedGameObjects: []
    m_AddedGameObjects: []
    m_AddedComponents: []
  m_SourcePrefab: {fileID: 100100000, guid: 100d978e979ae8c4fbd09b4dffaeb31d, type: 3}
--- !u!4 &2218618679240550946 stripped
Transform:
  m_CorrespondingSourceObject: {fileID: 3311950600068873547, guid: 100d978e979ae8c4fbd09b4dffaeb31d, type: 3}
  m_PrefabInstance: {fileID: 3691953797087811433}
  m_PrefabAsset: {fileID: 0}
--- !u!1001 &3904822679174058971
PrefabInstance:
  m_ObjectHideFlags: 0
  serializedVersion: 2
  m_Modification:
    serializedVersion: 3
    m_TransformParent: {fileID: 214065009936508834}
    m_Modifications:
    - target: {fileID: 1249784675348649209, guid: ab63d7d5fffe07d468fc9a863fbeac61, type: 3}
      propertyPath: m_LocalPosition.x
      value: -5.65
      objectReference: {fileID: 0}
    - target: {fileID: 1249784675348649209, guid: ab63d7d5fffe07d468fc9a863fbeac61, type: 3}
      propertyPath: m_LocalPosition.y
      value: 1
      objectReference: {fileID: 0}
    - target: {fileID: 1249784675348649209, guid: ab63d7d5fffe07d468fc9a863fbeac61, type: 3}
      propertyPath: m_LocalPosition.z
      value: -4.55
      objectReference: {fileID: 0}
    - target: {fileID: 1249784675348649209, guid: ab63d7d5fffe07d468fc9a863fbeac61, type: 3}
      propertyPath: m_LocalRotation.w
      value: 1
      objectReference: {fileID: 0}
    - target: {fileID: 1249784675348649209, guid: ab63d7d5fffe07d468fc9a863fbeac61, type: 3}
      propertyPath: m_LocalRotation.x
      value: -0
      objectReference: {fileID: 0}
    - target: {fileID: 1249784675348649209, guid: ab63d7d5fffe07d468fc9a863fbeac61, type: 3}
      propertyPath: m_LocalRotation.y
      value: -0
      objectReference: {fileID: 0}
    - target: {fileID: 1249784675348649209, guid: ab63d7d5fffe07d468fc9a863fbeac61, type: 3}
      propertyPath: m_LocalRotation.z
      value: -0
      objectReference: {fileID: 0}
    - target: {fileID: 1249784675348649209, guid: ab63d7d5fffe07d468fc9a863fbeac61, type: 3}
      propertyPath: m_LocalEulerAnglesHint.x
      value: 0
      objectReference: {fileID: 0}
    - target: {fileID: 1249784675348649209, guid: ab63d7d5fffe07d468fc9a863fbeac61, type: 3}
      propertyPath: m_LocalEulerAnglesHint.y
      value: 0
      objectReference: {fileID: 0}
    - target: {fileID: 1249784675348649209, guid: ab63d7d5fffe07d468fc9a863fbeac61, type: 3}
      propertyPath: m_LocalEulerAnglesHint.z
      value: 0
      objectReference: {fileID: 0}
    - target: {fileID: 1406200603350299822, guid: ab63d7d5fffe07d468fc9a863fbeac61, type: 3}
      propertyPath: m_Name
      value: SimpleBox (2)
      objectReference: {fileID: 0}
    - target: {fileID: 4070709606434250491, guid: ab63d7d5fffe07d468fc9a863fbeac61, type: 3}
      propertyPath: m_Materials.Array.data[0]
      value: 
      objectReference: {fileID: 2100000, guid: 7e55b39dc1519eb42acb460d6565e800, type: 2}
    m_RemovedComponents: []
    m_RemovedGameObjects: []
    m_AddedGameObjects: []
    m_AddedComponents: []
  m_SourcePrefab: {fileID: 100100000, guid: ab63d7d5fffe07d468fc9a863fbeac61, type: 3}
--- !u!4 &2839685607904315170 stripped
Transform:
  m_CorrespondingSourceObject: {fileID: 1249784675348649209, guid: ab63d7d5fffe07d468fc9a863fbeac61, type: 3}
  m_PrefabInstance: {fileID: 3904822679174058971}
  m_PrefabAsset: {fileID: 0}
--- !u!1001 &4920158812797754134
PrefabInstance:
  m_ObjectHideFlags: 0
  serializedVersion: 2
  m_Modification:
    serializedVersion: 3
    m_TransformParent: {fileID: 214065009936508834}
    m_Modifications:
    - target: {fileID: 1495942940621279095, guid: b016d153f13e37a41a7b86a2e0f885a4, type: 3}
      propertyPath: m_Name
      value: Fence
      objectReference: {fileID: 0}
    - target: {fileID: 3651414029575136150, guid: b016d153f13e37a41a7b86a2e0f885a4, type: 3}
      propertyPath: m_LocalPosition.x
      value: 15.29
      objectReference: {fileID: 0}
    - target: {fileID: 3651414029575136150, guid: b016d153f13e37a41a7b86a2e0f885a4, type: 3}
      propertyPath: m_LocalPosition.y
      value: 1
      objectReference: {fileID: 0}
    - target: {fileID: 3651414029575136150, guid: b016d153f13e37a41a7b86a2e0f885a4, type: 3}
      propertyPath: m_LocalPosition.z
      value: -1.19
      objectReference: {fileID: 0}
    - target: {fileID: 3651414029575136150, guid: b016d153f13e37a41a7b86a2e0f885a4, type: 3}
      propertyPath: m_LocalRotation.w
      value: 0.7071068
      objectReference: {fileID: 0}
    - target: {fileID: 3651414029575136150, guid: b016d153f13e37a41a7b86a2e0f885a4, type: 3}
      propertyPath: m_LocalRotation.x
      value: -0
      objectReference: {fileID: 0}
    - target: {fileID: 3651414029575136150, guid: b016d153f13e37a41a7b86a2e0f885a4, type: 3}
      propertyPath: m_LocalRotation.y
      value: 0.7071068
      objectReference: {fileID: 0}
    - target: {fileID: 3651414029575136150, guid: b016d153f13e37a41a7b86a2e0f885a4, type: 3}
      propertyPath: m_LocalRotation.z
      value: -0
      objectReference: {fileID: 0}
    - target: {fileID: 3651414029575136150, guid: b016d153f13e37a41a7b86a2e0f885a4, type: 3}
      propertyPath: m_LocalEulerAnglesHint.x
      value: 0
      objectReference: {fileID: 0}
    - target: {fileID: 3651414029575136150, guid: b016d153f13e37a41a7b86a2e0f885a4, type: 3}
      propertyPath: m_LocalEulerAnglesHint.y
      value: 90
      objectReference: {fileID: 0}
    - target: {fileID: 3651414029575136150, guid: b016d153f13e37a41a7b86a2e0f885a4, type: 3}
      propertyPath: m_LocalEulerAnglesHint.z
      value: 0
      objectReference: {fileID: 0}
    m_RemovedComponents: []
    m_RemovedGameObjects: []
    m_AddedGameObjects: []
    m_AddedComponents: []
  m_SourcePrefab: {fileID: 100100000, guid: b016d153f13e37a41a7b86a2e0f885a4, type: 3}
--- !u!4 &8569092153012484224 stripped
Transform:
  m_CorrespondingSourceObject: {fileID: 3651414029575136150, guid: b016d153f13e37a41a7b86a2e0f885a4, type: 3}
  m_PrefabInstance: {fileID: 4920158812797754134}
  m_PrefabAsset: {fileID: 0}
--- !u!1001 &5671065560002461650
PrefabInstance:
  m_ObjectHideFlags: 0
  serializedVersion: 2
  m_Modification:
    serializedVersion: 3
    m_TransformParent: {fileID: 214065009936508834}
    m_Modifications:
    - target: {fileID: 1495942940621279095, guid: b016d153f13e37a41a7b86a2e0f885a4, type: 3}
      propertyPath: m_Name
      value: Fence (2)
      objectReference: {fileID: 0}
    - target: {fileID: 3651414029575136150, guid: b016d153f13e37a41a7b86a2e0f885a4, type: 3}
      propertyPath: m_LocalPosition.x
      value: -10.58
      objectReference: {fileID: 0}
    - target: {fileID: 3651414029575136150, guid: b016d153f13e37a41a7b86a2e0f885a4, type: 3}
      propertyPath: m_LocalPosition.y
      value: 1
      objectReference: {fileID: 0}
    - target: {fileID: 3651414029575136150, guid: b016d153f13e37a41a7b86a2e0f885a4, type: 3}
      propertyPath: m_LocalPosition.z
      value: 4.83
      objectReference: {fileID: 0}
    - target: {fileID: 3651414029575136150, guid: b016d153f13e37a41a7b86a2e0f885a4, type: 3}
      propertyPath: m_LocalRotation.w
      value: 1
      objectReference: {fileID: 0}
    - target: {fileID: 3651414029575136150, guid: b016d153f13e37a41a7b86a2e0f885a4, type: 3}
      propertyPath: m_LocalRotation.x
      value: 0
      objectReference: {fileID: 0}
    - target: {fileID: 3651414029575136150, guid: b016d153f13e37a41a7b86a2e0f885a4, type: 3}
      propertyPath: m_LocalRotation.y
      value: 0
      objectReference: {fileID: 0}
    - target: {fileID: 3651414029575136150, guid: b016d153f13e37a41a7b86a2e0f885a4, type: 3}
      propertyPath: m_LocalRotation.z
      value: 0
      objectReference: {fileID: 0}
    - target: {fileID: 3651414029575136150, guid: b016d153f13e37a41a7b86a2e0f885a4, type: 3}
      propertyPath: m_LocalEulerAnglesHint.x
      value: 0
      objectReference: {fileID: 0}
    - target: {fileID: 3651414029575136150, guid: b016d153f13e37a41a7b86a2e0f885a4, type: 3}
      propertyPath: m_LocalEulerAnglesHint.y
      value: 0
      objectReference: {fileID: 0}
    - target: {fileID: 3651414029575136150, guid: b016d153f13e37a41a7b86a2e0f885a4, type: 3}
      propertyPath: m_LocalEulerAnglesHint.z
      value: 0
      objectReference: {fileID: 0}
    m_RemovedComponents: []
    m_RemovedGameObjects: []
    m_AddedGameObjects: []
    m_AddedComponents: []
  m_SourcePrefab: {fileID: 100100000, guid: b016d153f13e37a41a7b86a2e0f885a4, type: 3}
--- !u!4 &8944080287740058692 stripped
Transform:
  m_CorrespondingSourceObject: {fileID: 3651414029575136150, guid: b016d153f13e37a41a7b86a2e0f885a4, type: 3}
  m_PrefabInstance: {fileID: 5671065560002461650}
  m_PrefabAsset: {fileID: 0}
--- !u!1001 &6163533949864456884
PrefabInstance:
  m_ObjectHideFlags: 0
  serializedVersion: 2
  m_Modification:
    serializedVersion: 3
    m_TransformParent: {fileID: 3341764216468722525}
    m_Modifications:
    - target: {fileID: 1497412137902838733, guid: 100d978e979ae8c4fbd09b4dffaeb31d, type: 3}
      propertyPath: m_Name
      value: SimplePhysicObject (3)
      objectReference: {fileID: 0}
    - target: {fileID: 3311950600068873547, guid: 100d978e979ae8c4fbd09b4dffaeb31d, type: 3}
      propertyPath: m_LocalPosition.x
      value: 2.3
      objectReference: {fileID: 0}
    - target: {fileID: 3311950600068873547, guid: 100d978e979ae8c4fbd09b4dffaeb31d, type: 3}
      propertyPath: m_LocalPosition.y
      value: 1.1
      objectReference: {fileID: 0}
    - target: {fileID: 3311950600068873547, guid: 100d978e979ae8c4fbd09b4dffaeb31d, type: 3}
      propertyPath: m_LocalPosition.z
      value: -0.04
      objectReference: {fileID: 0}
    - target: {fileID: 3311950600068873547, guid: 100d978e979ae8c4fbd09b4dffaeb31d, type: 3}
      propertyPath: m_LocalRotation.w
      value: 1
      objectReference: {fileID: 0}
    - target: {fileID: 3311950600068873547, guid: 100d978e979ae8c4fbd09b4dffaeb31d, type: 3}
      propertyPath: m_LocalRotation.x
      value: -0
      objectReference: {fileID: 0}
    - target: {fileID: 3311950600068873547, guid: 100d978e979ae8c4fbd09b4dffaeb31d, type: 3}
      propertyPath: m_LocalRotation.y
      value: -0
      objectReference: {fileID: 0}
    - target: {fileID: 3311950600068873547, guid: 100d978e979ae8c4fbd09b4dffaeb31d, type: 3}
      propertyPath: m_LocalRotation.z
      value: -0
      objectReference: {fileID: 0}
    - target: {fileID: 3311950600068873547, guid: 100d978e979ae8c4fbd09b4dffaeb31d, type: 3}
      propertyPath: m_LocalEulerAnglesHint.x
      value: 0
      objectReference: {fileID: 0}
    - target: {fileID: 3311950600068873547, guid: 100d978e979ae8c4fbd09b4dffaeb31d, type: 3}
      propertyPath: m_LocalEulerAnglesHint.y
      value: 0
      objectReference: {fileID: 0}
    - target: {fileID: 3311950600068873547, guid: 100d978e979ae8c4fbd09b4dffaeb31d, type: 3}
      propertyPath: m_LocalEulerAnglesHint.z
      value: 0
      objectReference: {fileID: 0}
    m_RemovedComponents: []
    m_RemovedGameObjects: []
    m_AddedGameObjects: []
    m_AddedComponents: []
  m_SourcePrefab: {fileID: 100100000, guid: 100d978e979ae8c4fbd09b4dffaeb31d, type: 3}
--- !u!4 &8682708073007288319 stripped
Transform:
  m_CorrespondingSourceObject: {fileID: 3311950600068873547, guid: 100d978e979ae8c4fbd09b4dffaeb31d, type: 3}
  m_PrefabInstance: {fileID: 6163533949864456884}
  m_PrefabAsset: {fileID: 0}
--- !u!1001 &7161633932620858035
PrefabInstance:
  m_ObjectHideFlags: 0
  serializedVersion: 2
  m_Modification:
    serializedVersion: 3
    m_TransformParent: {fileID: 3341764216468722525}
    m_Modifications:
    - target: {fileID: 1497412137902838733, guid: 100d978e979ae8c4fbd09b4dffaeb31d, type: 3}
      propertyPath: m_Name
      value: SimplePhysicObject (6)
      objectReference: {fileID: 0}
    - target: {fileID: 3311950600068873547, guid: 100d978e979ae8c4fbd09b4dffaeb31d, type: 3}
      propertyPath: m_LocalPosition.x
      value: -2.68
      objectReference: {fileID: 0}
    - target: {fileID: 3311950600068873547, guid: 100d978e979ae8c4fbd09b4dffaeb31d, type: 3}
      propertyPath: m_LocalPosition.y
      value: 1.1
      objectReference: {fileID: 0}
    - target: {fileID: 3311950600068873547, guid: 100d978e979ae8c4fbd09b4dffaeb31d, type: 3}
      propertyPath: m_LocalPosition.z
      value: -1.67
      objectReference: {fileID: 0}
    - target: {fileID: 3311950600068873547, guid: 100d978e979ae8c4fbd09b4dffaeb31d, type: 3}
      propertyPath: m_LocalRotation.w
      value: 1
      objectReference: {fileID: 0}
    - target: {fileID: 3311950600068873547, guid: 100d978e979ae8c4fbd09b4dffaeb31d, type: 3}
      propertyPath: m_LocalRotation.x
      value: -0
      objectReference: {fileID: 0}
    - target: {fileID: 3311950600068873547, guid: 100d978e979ae8c4fbd09b4dffaeb31d, type: 3}
      propertyPath: m_LocalRotation.y
      value: -0
      objectReference: {fileID: 0}
    - target: {fileID: 3311950600068873547, guid: 100d978e979ae8c4fbd09b4dffaeb31d, type: 3}
      propertyPath: m_LocalRotation.z
      value: -0
      objectReference: {fileID: 0}
    - target: {fileID: 3311950600068873547, guid: 100d978e979ae8c4fbd09b4dffaeb31d, type: 3}
      propertyPath: m_LocalEulerAnglesHint.x
      value: 0
      objectReference: {fileID: 0}
    - target: {fileID: 3311950600068873547, guid: 100d978e979ae8c4fbd09b4dffaeb31d, type: 3}
      propertyPath: m_LocalEulerAnglesHint.y
      value: 0
      objectReference: {fileID: 0}
    - target: {fileID: 3311950600068873547, guid: 100d978e979ae8c4fbd09b4dffaeb31d, type: 3}
      propertyPath: m_LocalEulerAnglesHint.z
      value: 0
      objectReference: {fileID: 0}
    m_RemovedComponents: []
    m_RemovedGameObjects: []
    m_AddedGameObjects: []
    m_AddedComponents: []
  m_SourcePrefab: {fileID: 100100000, guid: 100d978e979ae8c4fbd09b4dffaeb31d, type: 3}
--- !u!4 &5662526234253279224 stripped
Transform:
  m_CorrespondingSourceObject: {fileID: 3311950600068873547, guid: 100d978e979ae8c4fbd09b4dffaeb31d, type: 3}
  m_PrefabInstance: {fileID: 7161633932620858035}
  m_PrefabAsset: {fileID: 0}
--- !u!1001 &7301730414081691516
PrefabInstance:
  m_ObjectHideFlags: 0
  serializedVersion: 2
  m_Modification:
    serializedVersion: 3
    m_TransformParent: {fileID: 3341764216468722525}
    m_Modifications:
    - target: {fileID: 1497412137902838733, guid: 100d978e979ae8c4fbd09b4dffaeb31d, type: 3}
      propertyPath: m_Name
      value: SimplePhysicObject (2)
      objectReference: {fileID: 0}
    - target: {fileID: 3311950600068873547, guid: 100d978e979ae8c4fbd09b4dffaeb31d, type: 3}
      propertyPath: m_LocalPosition.x
      value: 1.39
      objectReference: {fileID: 0}
    - target: {fileID: 3311950600068873547, guid: 100d978e979ae8c4fbd09b4dffaeb31d, type: 3}
      propertyPath: m_LocalPosition.y
      value: 1.1
      objectReference: {fileID: 0}
    - target: {fileID: 3311950600068873547, guid: 100d978e979ae8c4fbd09b4dffaeb31d, type: 3}
      propertyPath: m_LocalPosition.z
      value: 1.33
      objectReference: {fileID: 0}
    - target: {fileID: 3311950600068873547, guid: 100d978e979ae8c4fbd09b4dffaeb31d, type: 3}
      propertyPath: m_LocalRotation.w
      value: 1
      objectReference: {fileID: 0}
    - target: {fileID: 3311950600068873547, guid: 100d978e979ae8c4fbd09b4dffaeb31d, type: 3}
      propertyPath: m_LocalRotation.x
      value: -0
      objectReference: {fileID: 0}
    - target: {fileID: 3311950600068873547, guid: 100d978e979ae8c4fbd09b4dffaeb31d, type: 3}
      propertyPath: m_LocalRotation.y
      value: -0
      objectReference: {fileID: 0}
    - target: {fileID: 3311950600068873547, guid: 100d978e979ae8c4fbd09b4dffaeb31d, type: 3}
      propertyPath: m_LocalRotation.z
      value: -0
      objectReference: {fileID: 0}
    - target: {fileID: 3311950600068873547, guid: 100d978e979ae8c4fbd09b4dffaeb31d, type: 3}
      propertyPath: m_LocalEulerAnglesHint.x
      value: 0
      objectReference: {fileID: 0}
    - target: {fileID: 3311950600068873547, guid: 100d978e979ae8c4fbd09b4dffaeb31d, type: 3}
      propertyPath: m_LocalEulerAnglesHint.y
      value: 0
      objectReference: {fileID: 0}
    - target: {fileID: 3311950600068873547, guid: 100d978e979ae8c4fbd09b4dffaeb31d, type: 3}
      propertyPath: m_LocalEulerAnglesHint.z
      value: 0
      objectReference: {fileID: 0}
    m_RemovedComponents: []
    m_RemovedGameObjects: []
    m_AddedGameObjects: []
    m_AddedComponents: []
  m_SourcePrefab: {fileID: 100100000, guid: 100d978e979ae8c4fbd09b4dffaeb31d, type: 3}
--- !u!4 &5233917953463710263 stripped
Transform:
  m_CorrespondingSourceObject: {fileID: 3311950600068873547, guid: 100d978e979ae8c4fbd09b4dffaeb31d, type: 3}
  m_PrefabInstance: {fileID: 7301730414081691516}
  m_PrefabAsset: {fileID: 0}
--- !u!1001 &8677821757943869990
PrefabInstance:
  m_ObjectHideFlags: 0
  serializedVersion: 2
  m_Modification:
    serializedVersion: 3
    m_TransformParent: {fileID: 3341764216468722525}
    m_Modifications:
    - target: {fileID: 1497412137902838733, guid: 100d978e979ae8c4fbd09b4dffaeb31d, type: 3}
      propertyPath: m_Name
      value: SimplePhysicObject (1)
      objectReference: {fileID: 0}
    - target: {fileID: 3311950600068873547, guid: 100d978e979ae8c4fbd09b4dffaeb31d, type: 3}
      propertyPath: m_LocalPosition.x
      value: -1.72
      objectReference: {fileID: 0}
    - target: {fileID: 3311950600068873547, guid: 100d978e979ae8c4fbd09b4dffaeb31d, type: 3}
      propertyPath: m_LocalPosition.y
      value: 1.1
      objectReference: {fileID: 0}
    - target: {fileID: 3311950600068873547, guid: 100d978e979ae8c4fbd09b4dffaeb31d, type: 3}
      propertyPath: m_LocalPosition.z
      value: 2.01
      objectReference: {fileID: 0}
    - target: {fileID: 3311950600068873547, guid: 100d978e979ae8c4fbd09b4dffaeb31d, type: 3}
      propertyPath: m_LocalRotation.w
      value: 1
      objectReference: {fileID: 0}
    - target: {fileID: 3311950600068873547, guid: 100d978e979ae8c4fbd09b4dffaeb31d, type: 3}
      propertyPath: m_LocalRotation.x
      value: -0
      objectReference: {fileID: 0}
    - target: {fileID: 3311950600068873547, guid: 100d978e979ae8c4fbd09b4dffaeb31d, type: 3}
      propertyPath: m_LocalRotation.y
      value: -0
      objectReference: {fileID: 0}
    - target: {fileID: 3311950600068873547, guid: 100d978e979ae8c4fbd09b4dffaeb31d, type: 3}
      propertyPath: m_LocalRotation.z
      value: -0
      objectReference: {fileID: 0}
    - target: {fileID: 3311950600068873547, guid: 100d978e979ae8c4fbd09b4dffaeb31d, type: 3}
      propertyPath: m_LocalEulerAnglesHint.x
      value: 0
      objectReference: {fileID: 0}
    - target: {fileID: 3311950600068873547, guid: 100d978e979ae8c4fbd09b4dffaeb31d, type: 3}
      propertyPath: m_LocalEulerAnglesHint.y
      value: 0
      objectReference: {fileID: 0}
    - target: {fileID: 3311950600068873547, guid: 100d978e979ae8c4fbd09b4dffaeb31d, type: 3}
      propertyPath: m_LocalEulerAnglesHint.z
      value: 0
      objectReference: {fileID: 0}
    m_RemovedComponents: []
    m_RemovedGameObjects: []
    m_AddedGameObjects: []
    m_AddedComponents: []
  m_SourcePrefab: {fileID: 100100000, guid: 100d978e979ae8c4fbd09b4dffaeb31d, type: 3}
--- !u!4 &6168727990753120109 stripped
Transform:
  m_CorrespondingSourceObject: {fileID: 3311950600068873547, guid: 100d978e979ae8c4fbd09b4dffaeb31d, type: 3}
  m_PrefabInstance: {fileID: 8677821757943869990}
  m_PrefabAsset: {fileID: 0}
